<?xml version="1.0" encoding="UTF-8"?>
<!DOCTYPE html PUBLIC "-//W3C//DTD XHTML 1.0 Transitional//EN"
    "http://www.w3.org/TR/xhtml1/DTD/xhtml1-transitional.dtd">
<html xmlns="http://www.w3.org/1999/xhtml" xml:lang="en" lang="en">
 <head>
  <title>
</title>
<meta http-equiv="Content-Type" content="text/html;charset=utf-8" />
  <meta name='ocr-system' content='tesseract 3.04.00' />
  <meta name='ocr-capabilities' content='ocr_page ocr_carea ocr_par ocr_line ocrx_word'/>
</head>
<body>
  <div class='ocr_page' id='page_1' title='image "./depseudoapuleih00kbgoog_0018.png"; bbox 0 0 2978 4740; ppageno 0'>
   <div class='ocr_carea' id='block_1_1' title="bbox 831 269 857 355">
    <p class='ocr_par' dir='ltr' id='par_1_1' title="bbox 831 269 857 355">
     <span class='ocr_line' id='line_1_1' title="bbox 831 269 857 355; baseline 0 0"><span class='ocrx_word' id='word_1_1' title='bbox 831 269 857 355; x_wconf 82' lang='lat'>8</span> 
     </span>
    </p>
   </div>
   <div class='ocr_carea' id='block_1_2' title="bbox 737 385 948 396">
    <p class='ocr_par' dir='ltr' id='par_1_2' title="bbox 737 385 948 396">
     <span class='ocr_line' id='line_1_2' title="bbox 737 385 948 396; baseline 0 0"><span class='ocrx_word' id='word_1_2' title='bbox 737 385 948 396; x_wconf 71' lang='lat' dir='ltr'>n——-—.--.--=-</span> 
     </span>
    </p>
   </div>
   <div class='ocr_carea' id='block_1_3' title="bbox 256 485 1449 4050">
    <p class='ocr_par' dir='ltr' id='par_1_3' title="bbox 257 485 1449 920">
     <span class='ocr_line' id='line_1_3' title="bbox 258 485 1449 597; baseline 0 -19"><span class='ocrx_word' id='word_1_3' title='bbox 258 521 314 593; x_wconf 87' lang='lat' dir='ltr'>est,</span> <span class='ocrx_word' id='word_1_4' title='bbox 338 513 381 578; x_wconf 92' lang='lat' dir='ltr'>ad</span> <span class='ocrx_word' id='word_1_5' title='bbox 404 513 493 597; x_wconf 91' lang='lat' dir='ltr'>quod</span> <span class='ocrx_word' id='word_1_6' title='bbox 530 485 815 582; x_wconf 70' lang='lat' dir='ltr'>«velustissimum»</span> <span class='ocrx_word' id='word_1_7' title='bbox 851 515 978 578; x_wconf 89' lang='lat' dir='ltr'>reseras.</span> <span class='ocrx_word' id='word_1_8' title='bbox 1024 511 1241 577; x_wconf 85' lang='lat' dir='ltr'>Adiciendum</span> <span class='ocrx_word' id='word_1_9' title='bbox 1264 522 1319 577; x_wconf 90' lang='lat' dir='ltr'>est</span> <span class='ocrx_word' id='word_1_10' title='bbox 1345 509 1449 597; x_wconf 86' lang='lat' dir='ltr'>igitur</span> 
     </span>
     <span class='ocr_line' id='line_1_4' title="bbox 257 621 1447 719; baseline 0.007 -34"><span class='ocrx_word' id='word_1_11' title='bbox 257 632 331 704; x_wconf 91' lang='lat' dir='ltr'>post</span> <span class='ocrx_word' id='word_1_12' title='bbox 353 622 431 686; x_wconf 92' lang='lat' dir='ltr'>illud</span> <span class='ocrx_word' id='word_1_13' title='bbox 461 622 596 719; x_wconf 63' lang='lat' dir='ltr'>verbum</span> <span class='ocrx_word' id='word_1_14' title='bbox 630 623 799 687; x_wconf 81' lang='lat' dir='ltr'>«malum»</span> <span class='ocrx_word' id='word_1_15' title='bbox 849 622 967 685; x_wconf 81' lang='lat' dir='ltr'>Confer</span> <span class='ocrx_word' id='word_1_16' title='bbox 991 621 1088 703; x_wconf 92' lang='lat' dir='ltr'>Vulg.</span> <span class='ocrx_word' id='word_1_17' title='bbox 1113 640 1183 702; x_wconf 91' lang='lat' dir='ltr'>cap.</span> <span class='ocrx_word' id='word_1_18' title='bbox 1207 621 1391 692; x_wconf 79' lang='lat' dir='ltr'><strong>CXXVII.</strong></span> <span class='ocrx_word' id='word_1_19' title='bbox 1421 641 1447 704; x_wconf 85' lang='lat'>3.</span> 
     </span>
     <span class='ocr_line' id='line_1_5' title="bbox 258 724 1447 812; baseline 0.003 -20"><span class='ocrx_word' id='word_1_20' title='bbox 258 729 311 793; x_wconf 95' lang='lat' dir='ltr'>ubi</span> <span class='ocrx_word' id='word_1_21' title='bbox 336 730 488 812; x_wconf 87' lang='lat' dir='ltr'>legimus:</span> <span class='ocrx_word' id='word_1_22' title='bbox 525 724 644 812; x_wconf 75' lang='lat' dir='ltr'>‘Qthd</span> <span class='ocrx_word' id='word_1_23' title='bbox 666 731 693 792; x_wconf 90' lang='lat' dir='ltr'>si</span> <span class='ocrx_word' id='word_1_24' title='bbox 715 731 944 793; x_wconf 77' lang='lat' dir='ltr'>vetustissimus</span> <span class='ocrx_word' id='word_1_25' title='bbox 974 730 1068 793; x_wconf 92' lang='lat' dir='ltr'>dolor</span> <span class='ocrx_word' id='word_1_26' title='bbox 1093 729 1194 806; x_wconf 85' lang='lat' dir='ltr'>fuerit,</span> <span class='ocrx_word' id='word_1_27' title='bbox 1218 737 1305 798; x_wconf 68' lang='lat' dir='ltr'>etc.»</span> <span class='ocrx_word' id='word_1_28' title='bbox 1362 731 1447 796; x_wconf 93' lang='lat' dir='ltr'>Illud</span> 
     </span>
     <span class='ocr_line' id='line_1_6' title="bbox 260 821 1300 920; baseline 0 -20"><span class='ocrx_word' id='word_1_29' title='bbox 260 839 531 903; x_wconf 82' lang='lat' dir='ltr'>«vetustissimus»</span> <span class='ocrx_word' id='word_1_30' title='bbox 565 857 609 900; x_wconf 88' lang='lat' dir='ltr'>ex</span> <span class='ocrx_word' id='word_1_31' title='bbox 642 836 769 901; x_wconf 89' lang='lat' dir='ltr'>Graeco</span> <span class='ocrx_word' id='word_1_32' title='bbox 790 821 929 920; x_wconf 72' lang='grc' dir='ltr'><strong><em>χρίνιος</em></strong></span> <span class='ocrx_word' id='word_1_33' title='bbox 951 837 1138 899; x_wconf 92' lang='lat' dir='ltr'>translatum</span> <span class='ocrx_word' id='word_1_34' title='bbox 1161 837 1300 901; x_wconf 87' lang='lat' dir='ltr'>videtur.</span> 
     </span>
    </p>

    <p class='ocr_par' dir='ltr' id='par_1_4' title="bbox 256 943 1445 2645">
     <span class='ocr_line' id='line_1_7' title="bbox 364 943 1445 1029; baseline 0.002 -21"><span class='ocrx_word' id='word_1_35' title='bbox 364 945 458 1016; x_wconf 73' lang='lat' dir='ltr'>Vers</span> <span class='ocrx_word' id='word_1_36' title='bbox 492 957 527 1024; x_wconf 83' lang='lat'>15</span> <span class='ocrx_word' id='word_1_37' title='bbox 556 943 636 1023; x_wconf 81' lang='lat' dir='ltr'>«hos</span> <span class='ocrx_word' id='word_1_38' title='bbox 659 953 811 1026; x_wconf 83' lang='lat' dir='ltr'>optenet»</span> <span class='ocrx_word' id='word_1_39' title='bbox 831 946 1002 1026; x_wconf 90' lang='lat' dir='ltr'>repetitum</span> <span class='ocrx_word' id='word_1_40' title='bbox 1025 964 1070 1006; x_wconf 90' lang='lat' dir='ltr'>ex</span> <span class='ocrx_word' id='word_1_41' title='bbox 1090 945 1305 1007; x_wconf 88' lang='lat' dir='ltr'>antecedente</span> <span class='ocrx_word' id='word_1_42' title='bbox 1336 949 1445 1029; x_wconf 80' lang='lat' dir='ltr'>«opti-</span> 
     </span>
     <span class='ocr_line' id='line_1_8' title="bbox 257 1052 1445 1131; baseline 0.004 -16"><span class='ocrx_word' id='word_1_43' title='bbox 257 1062 340 1131; x_wconf 73' lang='lat' dir='ltr'>net»</span> <span class='ocrx_word' id='word_1_44' title='bbox 366 1053 533 1116; x_wconf 90' lang='lat' dir='ltr'>sedidem</span> <span class='ocrx_word' id='word_1_45' title='bbox 557 1054 587 1115; x_wconf 96' lang='lat' dir='ltr'>in</span> <span class='ocrx_word' id='word_1_46' title='bbox 611 1055 685 1124; x_wconf 86' lang='lat' dir='ltr'>cod,</span> <span class='ocrx_word' id='word_1_47' title='bbox 706 1052 1062 1122; x_wconf 76' lang='lat' dir='ltr'>Cassinensiinvenitur.</span> <span class='ocrx_word' id='word_1_48' title='bbox 1088 1090 1128 1101; x_wconf 84' lang='lat'>-</span> <span class='ocrx_word' id='word_1_49' title='bbox 1154 1071 1235 1123; x_wconf 78' lang='lat' dir='ltr'>vers,</span> <span class='ocrx_word' id='word_1_50' title='bbox 1258 1053 1299 1114; x_wconf 92' lang='lat'>16</span> <span class='ocrx_word' id='word_1_51' title='bbox 1317 1053 1445 1120; x_wconf 87' lang='lat' dir='ltr'>Codex</span> 
     </span>
     <span class='ocr_line' id='line_1_9' title="bbox 256 1157 1445 1242; baseline 0.004 -19"><span class='ocrx_word' id='word_1_52' title='bbox 256 1160 393 1242; x_wconf 85' lang='lat' dir='ltr'>praebet</span> <span class='ocrx_word' id='word_1_53' title='bbox 431 1181 510 1223; x_wconf 81' lang='lat' dir='ltr'>«nec</span> <span class='ocrx_word' id='word_1_54' title='bbox 545 1162 634 1223; x_wconf 90' lang='lat' dir='ltr'>visua</span> <span class='ocrx_word' id='word_1_55' title='bbox 666 1161 750 1224; x_wconf 90' lang='lat' dir='ltr'>mala</span> <span class='ocrx_word' id='word_1_56' title='bbox 781 1181 898 1223; x_wconf 91' lang='lat' dir='ltr'>nocere</span> <span class='ocrx_word' id='word_1_57' title='bbox 930 1169 1090 1241; x_wconf 82' lang='lat' dir='ltr'>possunt.»</span> <span class='ocrx_word' id='word_1_58' title='bbox 1139 1157 1283 1241; x_wconf 85' lang='lat' dir='ltr'>Spengel</span> <span class='ocrx_word' id='word_1_59' title='bbox 1318 1166 1445 1228; x_wconf 90' lang='lat' dir='ltr'>conicit</span> 
     </span>
     <span class='ocr_line' id='line_1_10' title="bbox 258 1266 1443 1349; baseline 0.003 -18"><span class='ocrx_word' id='word_1_60' title='bbox 258 1268 462 1332; x_wconf 89' lang='lat' dir='ltr'>scribendum</span> <span class='ocrx_word' id='word_1_61' title='bbox 486 1289 553 1330; x_wconf 88' lang='lat' dir='ltr'>esse</span> <span class='ocrx_word' id='word_1_62' title='bbox 581 1288 659 1330; x_wconf 78' lang='lat' dir='ltr'>«nec</span> <span class='ocrx_word' id='word_1_63' title='bbox 683 1269 714 1330; x_wconf 95' lang='lat' dir='ltr'>vi</span> <span class='ocrx_word' id='word_1_64' title='bbox 737 1288 795 1330; x_wconf 90' lang='lat' dir='ltr'>sua</span> <span class='ocrx_word' id='word_1_65' title='bbox 812 1267 927 1332; x_wconf 81' lang='lat' dir='ltr'>mala».</span> <span class='ocrx_word' id='word_1_66' title='bbox 952 1266 1112 1349; x_wconf 88' lang='lat' dir='ltr'>Equidem</span> <span class='ocrx_word' id='word_1_67' title='bbox 1128 1268 1329 1348; x_wconf 84' lang='lat' dir='ltr'>praeferam:</span> <span class='ocrx_word' id='word_1_68' title='bbox 1363 1292 1443 1334; x_wconf 78' lang='lat' dir='ltr'>«nec</span> 
     </span>
     <span class='ocr_line' id='line_1_11' title="bbox 259 1375 1443 1457; baseline 0.002 -18"><span class='ocrx_word' id='word_1_69' title='bbox 259 1379 328 1439; x_wconf 89' lang='lat' dir='ltr'>visa</span> <span class='ocrx_word' id='word_1_70' title='bbox 352 1377 435 1440; x_wconf 90' lang='lat' dir='ltr'>mala</span> <span class='ocrx_word' id='word_1_71' title='bbox 459 1396 576 1439; x_wconf 91' lang='lat' dir='ltr'>nocere</span> <span class='ocrx_word' id='word_1_72' title='bbox 600 1385 765 1457; x_wconf 76' lang='lat' dir='ltr'>possunt.»</span> <span class='ocrx_word' id='word_1_73' title='bbox 785 1413 821 1424; x_wconf 93' lang='lat'>-</span> <span class='ocrx_word' id='word_1_74' title='bbox 847 1397 929 1440; x_wconf 88' lang='lat' dir='ltr'>vers.</span> <span class='ocrx_word' id='word_1_75' title='bbox 960 1391 998 1457; x_wconf 92' lang='lat'>19</span> <span class='ocrx_word' id='word_1_76' title='bbox 1024 1375 1200 1438; x_wconf 71' lang='lat' dir='ltr'>«insufflat»</span> <span class='ocrx_word' id='word_1_77' title='bbox 1227 1376 1443 1441; x_wconf 92' lang='lat' dir='ltr'>scribendum</span> 
     </span>
     <span class='ocr_line' id='line_1_12' title="bbox 258 1484 1442 1567; baseline 0.003 -21"><span class='ocrx_word' id='word_1_78' title='bbox 258 1493 307 1546; x_wconf 88' lang='lat' dir='ltr'>est</span> <span class='ocrx_word' id='word_1_79' title='bbox 330 1503 390 1565; x_wconf 94' lang='lat' dir='ltr'>pro</span> <span class='ocrx_word' id='word_1_80' title='bbox 417 1484 596 1554; x_wconf 80' lang='lat' dir='ltr'>«insuflet».</span> <span class='ocrx_word' id='word_1_81' title='bbox 624 1517 663 1528; x_wconf 89' lang='lat'>-</span> <span class='ocrx_word' id='word_1_82' title='bbox 687 1503 764 1565; x_wconf 82' lang='lat' dir='ltr'>pag.</span> <span class='ocrx_word' id='word_1_83' title='bbox 788 1501 810 1561; x_wconf 93' lang='lat'><strong>4</strong></span> <span class='ocrx_word' id='word_1_84' title='bbox 833 1504 914 1553; x_wconf 82' lang='lat' dir='ltr'>vers.</span> <span class='ocrx_word' id='word_1_85' title='bbox 941 1498 959 1564; x_wconf 93' lang='lat'><em>7</em></span> <span class='ocrx_word' id='word_1_86' title='bbox 984 1504 1052 1546; x_wconf 87' lang='lat' dir='ltr'>esse</span> <span class='ocrx_word' id='word_1_87' title='bbox 1074 1485 1313 1546; x_wconf 91' lang='lat' dir='ltr'>emendandum</span> <span class='ocrx_word' id='word_1_88' title='bbox 1342 1496 1442 1567; x_wconf 88' lang='lat' dir='ltr'>puto:</span> 
     </span>
     <span class='ocr_line' id='line_1_13' title="bbox 260 1590 1443 1677; baseline 0.003 -23"><span class='ocrx_word' id='word_1_89' title='bbox 260 1590 401 1655; x_wconf 81' lang='lat' dir='ltr'>«Omnes</span> <span class='ocrx_word' id='word_1_90' title='bbox 423 1593 593 1656; x_wconf 88' lang='lat' dir='ltr'>violentias</span> <span class='ocrx_word' id='word_1_91' title='bbox 609 1613 721 1655; x_wconf 90' lang='lat' dir='ltr'>eorum</span> <span class='ocrx_word' id='word_1_92' title='bbox 738 1590 819 1654; x_wconf 93' lang='lat' dir='ltr'>haec</span> <span class='ocrx_word' id='word_1_93' title='bbox 835 1592 935 1655; x_wconf 92' lang='lat' dir='ltr'>verba</span> <span class='ocrx_word' id='word_1_94' title='bbox 957 1592 1115 1673; x_wconf 91' lang='lat' dir='ltr'>&lt;regula</span> <span class='ocrx_word' id='word_1_95' title='bbox 1139 1594 1272 1673; x_wconf 80' lang='lat' dir='ltr'>optinet,</span> <span class='ocrx_word' id='word_1_96' title='bbox 1305 1591 1345 1656; x_wconf 92' lang='lat' dir='ltr'>Si</span> <span class='ocrx_word' id='word_1_97' title='bbox 1371 1598 1443 1677; x_wconf 89' lang='lat' dir='ltr'>quis</span> 
     </span>
     <span class='ocr_line' id='line_1_14' title="bbox 257 1697 1442 1781; baseline 0.004 -20"><span class='ocrx_word' id='word_1_98' title='bbox 257 1697 356 1762; x_wconf 92' lang='lat' dir='ltr'>homo</span> <span class='ocrx_word' id='word_1_99' title='bbox 380 1719 453 1763; x_wconf 92' lang='lat' dir='ltr'>eam</span> <span class='ocrx_word' id='word_1_100' title='bbox 475 1699 558 1762; x_wconf 93' lang='lat' dir='ltr'>se&gt;</span> <span class='ocrx_word' id='word_1_101' title='bbox 581 1719 654 1762; x_wconf 93' lang='lat' dir='ltr'>cum</span> <span class='ocrx_word' id='word_1_102' title='bbox 677 1699 834 1777; x_wconf 90' lang='lat' dir='ltr'>habuerit,</span> <span class='ocrx_word' id='word_1_103' title='bbox 857 1699 900 1762; x_wconf 90' lang='lat' dir='ltr'>ab</span> <span class='ocrx_word' id='word_1_104' title='bbox 923 1698 1071 1762; x_wconf 90' lang='lat' dir='ltr'>omnibus</span> <span class='ocrx_word' id='word_1_105' title='bbox 1087 1700 1352 1781; x_wconf 87' lang='lat' dir='ltr'>generationibus</span> <span class='ocrx_word' id='word_1_106' title='bbox 1376 1723 1442 1766; x_wconf 92' lang='lat' dir='ltr'>ser·</span> 
     </span>
     <span class='ocr_line' id='line_1_15' title="bbox 256 1807 1443 1890; baseline 0.004 -21"><span class='ocrx_word' id='word_1_107' title='bbox 256 1809 400 1888; x_wconf 90' lang='lat' dir='ltr'>pentium</span> <span class='ocrx_word' id='word_1_108' title='bbox 423 1816 510 1871; x_wconf 90' lang='lat' dir='ltr'>tutus</span> <span class='ocrx_word' id='word_1_109' title='bbox 533 1809 621 1877; x_wconf 75' lang='lat' dir='ltr'>erit.»</span> <span class='ocrx_word' id='word_1_110' title='bbox 659 1807 772 1871; x_wconf 91' lang='lat' dir='ltr'>Verba</span> <span class='ocrx_word' id='word_1_111' title='bbox 794 1810 883 1870; x_wconf 89' lang='lat' dir='ltr'>uncis</span> <span class='ocrx_word' id='word_1_112' title='bbox 906 1809 1027 1871; x_wconf 91' lang='lat' dir='ltr'>inclusa</span> <span class='ocrx_word' id='word_1_113' title='bbox 1051 1809 1217 1870; x_wconf 87' lang='lat' dir='ltr'>inserenda</span> <span class='ocrx_word' id='word_1_114' title='bbox 1242 1827 1313 1869; x_wconf 88' lang='lat' dir='ltr'>esse</span> <span class='ocrx_word' id='word_1_115' title='bbox 1342 1819 1443 1890; x_wconf 89' lang='lat' dir='ltr'>puto;</span> 
     </span>
     <span class='ocr_line' id='line_1_16' title="bbox 258 1915 1444 1997; baseline 0.003 -19"><span class='ocrx_word' id='word_1_116' title='bbox 258 1917 348 1997; x_wconf 93' lang='lat' dir='ltr'>quod</span> <span class='ocrx_word' id='word_1_117' title='bbox 364 1917 421 1978; x_wconf 89' lang='lat' dir='ltr'>nisi</span> <span class='ocrx_word' id='word_1_118' title='bbox 437 1916 558 1993; x_wconf 89' lang='lat' dir='ltr'>seceris,</span> <span class='ocrx_word' id='word_1_119' title='bbox 583 1917 685 1978; x_wconf 90' lang='lat' dir='ltr'>oratio</span> <span class='ocrx_word' id='word_1_120' title='bbox 709 1917 874 1996; x_wconf 91' lang='lat' dir='ltr'>scriptoris</span> <span class='ocrx_word' id='word_1_121' title='bbox 890 1924 977 1978; x_wconf 91' lang='lat' dir='ltr'>recta</span> <span class='ocrx_word' id='word_1_122' title='bbox 994 1915 1115 1978; x_wconf 90' lang='lat' dir='ltr'>carebit</span> <span class='ocrx_word' id='word_1_123' title='bbox 1130 1917 1295 1979; x_wconf 87' lang='lat' dir='ltr'>sententia.</span> <span class='ocrx_word' id='word_1_124' title='bbox 1324 1917 1444 1982; x_wconf 87' lang='lat' dir='ltr'>Verba</span> 
     </span>
     <span class='ocr_line' id='line_1_17' title="bbox 257 2022 1443 2104; baseline 0.003 -17"><span class='ocrx_word' id='word_1_125' title='bbox 257 2044 277 2086; x_wconf 89' lang='lat' dir='ltr'>a</span> <span class='ocrx_word' id='word_1_126' title='bbox 300 2043 352 2087; x_wconf 93' lang='lat' dir='ltr'>me</span> <span class='ocrx_word' id='word_1_127' title='bbox 375 2024 494 2086; x_wconf 88' lang='lat' dir='ltr'>inserta</span> <span class='ocrx_word' id='word_1_128' title='bbox 516 2023 653 2104; x_wconf 88' lang='lat' dir='ltr'>praebet</span> <span class='ocrx_word' id='word_1_129' title='bbox 676 2024 747 2086; x_wconf 92' lang='lat' dir='ltr'>cod.</span> <span class='ocrx_word' id='word_1_130' title='bbox 768 2022 812 2100; x_wconf 89' lang='lat' dir='ltr'>C.‚</span> <span class='ocrx_word' id='word_1_131' title='bbox 836 2025 891 2104; x_wconf 95' lang='lat' dir='ltr'>qui</span> <span class='ocrx_word' id='word_1_132' title='bbox 916 2022 979 2086; x_wconf 93' lang='lat' dir='ltr'>hoc</span> <span class='ocrx_word' id='word_1_133' title='bbox 1002 2024 1033 2085; x_wconf 95' lang='lat' dir='ltr'>in</span> <span class='ocrx_word' id='word_1_134' title='bbox 1050 2025 1154 2103; x_wconf 88' lang='lat' dir='ltr'>capite</span> <span class='ocrx_word' id='word_1_135' title='bbox 1171 2025 1284 2084; x_wconf 92' lang='lat' dir='ltr'>mirum</span> <span class='ocrx_word' id='word_1_136' title='bbox 1310 2025 1343 2085; x_wconf 93' lang='lat' dir='ltr'>in</span> <span class='ocrx_word' id='word_1_137' title='bbox 1370 2047 1443 2090; x_wconf 92' lang='lat' dir='ltr'>mo·</span> 
     </span>
     <span class='ocr_line' id='line_1_18' title="bbox 259 2129 1443 2212; baseline 0.002 -17"><span class='ocrx_word' id='word_1_138' title='bbox 259 2133 336 2196; x_wconf 94' lang='lat' dir='ltr'>dum</span> <span class='ocrx_word' id='word_1_139' title='bbox 360 2153 432 2194; x_wconf 95' lang='lat' dir='ltr'>cum</span> <span class='ocrx_word' id='word_1_140' title='bbox 457 2133 528 2194; x_wconf 91' lang='lat' dir='ltr'>cod.</span> <span class='ocrx_word' id='word_1_141' title='bbox 552 2131 587 2192; x_wconf 90' lang='lat' dir='ltr'>M</span> <span class='ocrx_word' id='word_1_142' title='bbox 611 2131 766 2212; x_wconf 89' lang='lat' dir='ltr'>congruit.</span> <span class='ocrx_word' id='word_1_143' title='bbox 812 2130 980 2212; x_wconf 91' lang='lat' dir='ltr'>Leguntur</span> <span class='ocrx_word' id='word_1_144' title='bbox 1009 2132 1094 2192; x_wconf 92' lang='lat' dir='ltr'>enim</span> <span class='ocrx_word' id='word_1_145' title='bbox 1118 2129 1179 2192; x_wconf 91' lang='lat' dir='ltr'>illic</span> <span class='ocrx_word' id='word_1_146' title='bbox 1203 2129 1298 2192; x_wconf 91' lang='lat' dir='ltr'>haec:</span> <span class='ocrx_word' id='word_1_147' title='bbox 1339 2132 1443 2198; x_wconf 73' lang='lat' dir='ltr'>«Om-</span> 
     </span>
     <span class='ocr_line' id='line_1_19' title="bbox 259 2235 1444 2323; baseline 0.003 -21"><span class='ocrx_word' id='word_1_148' title='bbox 259 2261 315 2304; x_wconf 89' lang='lat' dir='ltr'>nes</span> <span class='ocrx_word' id='word_1_149' title='bbox 346 2240 514 2302; x_wconf 88' lang='lat' dir='ltr'>violentias</span> <span class='ocrx_word' id='word_1_150' title='bbox 545 2257 658 2300; x_wconf 90' lang='lat' dir='ltr'>eorum</span> <span class='ocrx_word' id='word_1_151' title='bbox 689 2235 770 2299; x_wconf 90' lang='lat' dir='ltr'>haec</span> <span class='ocrx_word' id='word_1_152' title='bbox 802 2235 937 2300; x_wconf 88' lang='lat' dir='ltr'>herbula</span> <span class='ocrx_word' id='word_1_153' title='bbox 968 2238 1078 2319; x_wconf 88' lang='lat' dir='ltr'>regula</span> <span class='ocrx_word' id='word_1_154' title='bbox 1111 2239 1250 2318; x_wconf 85' lang='lat' dir='ltr'>optinet:</span> <span class='ocrx_word' id='word_1_155' title='bbox 1297 2235 1334 2300; x_wconf 90' lang='lat' dir='ltr'>Si</span> <span class='ocrx_word' id='word_1_156' title='bbox 1370 2245 1444 2323; x_wconf 90' lang='lat' dir='ltr'>quis</span> 
     </span>
     <span class='ocr_line' id='line_1_20' title="bbox 258 2344 1442 2427; baseline 0.003 -17"><span class='ocrx_word' id='word_1_157' title='bbox 258 2346 358 2411; x_wconf 94' lang='lat' dir='ltr'>homo</span> <span class='ocrx_word' id='word_1_158' title='bbox 382 2366 454 2410; x_wconf 92' lang='lat' dir='ltr'>eam</span> <span class='ocrx_word' id='word_1_159' title='bbox 478 2366 587 2408; x_wconf 90' lang='lat' dir='ltr'>secum</span> <span class='ocrx_word' id='word_1_160' title='bbox 611 2344 767 2423; x_wconf 91' lang='lat' dir='ltr'>habuerit,</span> <span class='ocrx_word' id='word_1_161' title='bbox 791 2344 834 2407; x_wconf 91' lang='lat' dir='ltr'>ab</span> <span class='ocrx_word' id='word_1_162' title='bbox 858 2366 969 2408; x_wconf 92' lang='lat' dir='ltr'>omnes</span> <span class='ocrx_word' id='word_1_163' title='bbox 989 2348 1212 2427; x_wconf 85' lang='lat' dir='ltr'>generationes</span> <span class='ocrx_word' id='word_1_164' title='bbox 1236 2351 1442 2425; x_wconf 87' lang='lat' dir='ltr'>serpentium</span> 
     </span>
     <span class='ocr_line' id='line_1_21' title="bbox 257 2453 1444 2538; baseline 0.003 -19"><span class='ocrx_word' id='word_1_165' title='bbox 257 2465 345 2520; x_wconf 90' lang='lat' dir='ltr'>tutus</span> <span class='ocrx_word' id='word_1_166' title='bbox 369 2456 457 2518; x_wconf 76' lang='lat' dir='ltr'>erit.»</span> <span class='ocrx_word' id='word_1_167' title='bbox 495 2454 589 2517; x_wconf 89' lang='lat' dir='ltr'>Voce</span> <span class='ocrx_word' id='word_1_168' title='bbox 616 2455 821 2534; x_wconf 76' lang='lat' dir='ltr'>«generatio»</span> <span class='ocrx_word' id='word_1_169' title='bbox 848 2453 916 2516; x_wconf 90' lang='lat' dir='ltr'>aliis</span> <span class='ocrx_word' id='word_1_170' title='bbox 939 2454 1016 2517; x_wconf 90' lang='lat' dir='ltr'>locis</span> <span class='ocrx_word' id='word_1_171' title='bbox 1040 2476 1104 2517; x_wconf 94' lang='lat' dir='ltr'>non</span> <span class='ocrx_word' id='word_1_172' title='bbox 1128 2455 1213 2517; x_wconf 90' lang='lat' dir='ltr'>idem</span> <span class='ocrx_word' id='word_1_173' title='bbox 1229 2454 1444 2538; x_wconf 86' lang='lat' dir='ltr'>significatur,</span> 
     </span>
     <span class='ocr_line' id='line_1_22' title="bbox 259 2561 544 2645; baseline -0.011 -18"><span class='ocrx_word' id='word_1_174' title='bbox 259 2565 349 2645; x_wconf 92' lang='lat' dir='ltr'>quod</span> <span class='ocrx_word' id='word_1_175' title='bbox 373 2561 437 2625; x_wconf 93' lang='lat' dir='ltr'>hoc</span> <span class='ocrx_word' id='word_1_176' title='bbox 461 2561 544 2625; x_wconf 74' lang='lat' dir='ltr'>loco,</span> 
     </span>
    </p>

    <p class='ocr_par' dir='ltr' id='par_1_5' title="bbox 258 2668 1443 2968">
     <span class='ocr_line' id='line_1_23' title="bbox 365 2668 1443 2752; baseline 0.006 -20"><span class='ocrx_word' id='word_1_177' title='bbox 365 2689 441 2752; x_wconf 84' lang='lat' dir='ltr'>pag.</span> <span class='ocrx_word' id='word_1_178' title='bbox 465 2686 487 2746; x_wconf 93' lang='lat'><strong>4</strong></span> <span class='ocrx_word' id='word_1_179' title='bbox 510 2689 593 2739; x_wconf 81' lang='lat' dir='ltr'>vers.</span> <span class='ocrx_word' id='word_1_180' title='bbox 629 2685 663 2730; x_wconf 94' lang='lat'>11</span> <span class='ocrx_word' id='word_1_181' title='bbox 698 2668 852 2732; x_wconf 86' lang='lat' dir='ltr'>scribam:</span> <span class='ocrx_word' id='word_1_182' title='bbox 891 2689 1069 2747; x_wconf 82' lang='lat' dir='ltr'>«aurosum,</span> <span class='ocrx_word' id='word_1_183' title='bbox 1092 2669 1307 2732; x_wconf 81' lang='lat' dir='ltr'>subsimilem»</span> <span class='ocrx_word' id='word_1_184' title='bbox 1349 2677 1443 2737; x_wconf 92' lang='lat' dir='ltr'>codi-</span> 
     </span>
     <span class='ocr_line' id='line_1_24' title="bbox 260 2777 1442 2860; baseline 0.002 -19"><span class='ocrx_word' id='word_1_185' title='bbox 260 2798 331 2841; x_wconf 90' lang='lat' dir='ltr'>cem</span> <span class='ocrx_word' id='word_1_186' title='bbox 365 2777 400 2849; x_wconf 80' lang='lat' dir='ltr'>C,</span> <span class='ocrx_word' id='word_1_187' title='bbox 434 2785 563 2840; x_wconf 85' lang='lat' dir='ltr'>secutus</span> <span class='ocrx_word' id='word_1_188' title='bbox 593 2796 653 2858; x_wconf 92' lang='lat' dir='ltr'>pro</span> <span class='ocrx_word' id='word_1_189' title='bbox 686 2778 812 2840; x_wconf 77' lang='lat' dir='ltr'>«aurosi</span> <span class='ocrx_word' id='word_1_190' title='bbox 844 2777 936 2839; x_wconf 91' lang='lat' dir='ltr'>-B</span> <span class='ocrx_word' id='word_1_191' title='bbox 964 2777 1130 2856; x_wconf 79' lang='lat' dir='ltr'>similem»,</span> <span class='ocrx_word' id='word_1_192' title='bbox 1161 2779 1251 2860; x_wconf 94' lang='lat' dir='ltr'>quod</span> <span class='ocrx_word' id='word_1_193' title='bbox 1283 2779 1357 2845; x_wconf 86' lang='lat' dir='ltr'>cod.</span> <span class='ocrx_word' id='word_1_194' title='bbox 1397 2781 1442 2851; x_wconf 84' lang='grc' dir='ltr'>Μ,</span> 
     </span>
     <span class='ocr_line' id='line_1_25' title="bbox 258 2886 403 2968; baseline 0 -19"><span class='ocrx_word' id='word_1_195' title='bbox 258 2886 403 2968; x_wconf 91' lang='lat' dir='ltr'>praebet.</span> 
     </span>
    </p>

    <p class='ocr_par' dir='ltr' id='par_1_6' title="bbox 260 2990 1447 4050">
     <span class='ocr_line' id='line_1_26' title="bbox 362 2990 1441 3076; baseline 0.005 -20"><span class='ocrx_word' id='word_1_196' title='bbox 362 2993 432 3076; x_wconf 88' lang='lat' dir='ltr'>Jam</span> <span class='ocrx_word' id='word_1_197' title='bbox 455 2995 498 3057; x_wconf 91' lang='lat' dir='ltr'>ad</span> <span class='ocrx_word' id='word_1_198' title='bbox 533 3012 600 3056; x_wconf 90' lang='lat' dir='ltr'>rem</span> <span class='ocrx_word' id='word_1_199' title='bbox 633 2994 786 3072; x_wconf 89' lang='lat' dir='ltr'>venimus,</span> <span class='ocrx_word' id='word_1_200' title='bbox 822 2995 853 3056; x_wconf 94' lang='lat' dir='ltr'>in</span> <span class='ocrx_word' id='word_1_201' title='bbox 888 3014 953 3074; x_wconf 87' lang='lat' dir='ltr'>qua</span> <span class='ocrx_word' id='word_1_202' title='bbox 983 2992 1192 3074; x_wconf 90' lang='lat' dir='ltr'>Spengelium</span> <span class='ocrx_word' id='word_1_203' title='bbox 1224 2990 1441 3061; x_wconf 89' lang='lat' dir='ltr'>vehementer</span> 
     </span>
     <span class='ocr_line' id='line_1_27' title="bbox 263 3101 1443 3184; baseline 0.003 -20"><span class='ocrx_word' id='word_1_204' title='bbox 263 3120 383 3164; x_wconf 89' lang='lat' dir='ltr'>errasse</span> <span class='ocrx_word' id='word_1_205' title='bbox 407 3103 501 3164; x_wconf 87' lang='lat' dir='ltr'>certis</span> <span class='ocrx_word' id='word_1_206' title='bbox 524 3102 720 3184; x_wconf 85' lang='lat' dir='ltr'>argumentis</span> <span class='ocrx_word' id='word_1_207' title='bbox 744 3102 964 3164; x_wconf 91' lang='lat' dir='ltr'>demonstrare</span> <span class='ocrx_word' id='word_1_208' title='bbox 987 3120 1163 3182; x_wconf 82' lang='lat' dir='ltr'>possumus,</span> <span class='ocrx_word' id='word_1_209' title='bbox 1188 3101 1273 3162; x_wconf 93' lang='lat' dir='ltr'>Dicit</span> <span class='ocrx_word' id='word_1_210' title='bbox 1298 3103 1387 3165; x_wconf 93' lang='lat' dir='ltr'>enim</span> <span class='ocrx_word' id='word_1_211' title='bbox 1413 3108 1443 3168; x_wconf 92' lang='lat' dir='ltr'>in</span> 
     </span>
     <span class='ocr_line' id='line_1_28' title="bbox 260 3205 1440 3294; baseline -0.002 -22"><span class='ocrx_word' id='word_1_212' title='bbox 260 3205 1440 3294; x_wconf 42' lang='lat' dir='ltr'>Qmwmmmmmmfflmeu</span> 
     </span>
     <span class='ocr_line' id='line_1_29' title="bbox 263 3311 1443 3415; baseline 0.01 -35"><span class='ocrx_word' id='word_1_213' title='bbox 263 3321 324 3389; x_wconf 79' lang='lat' dir='ltr'>unb</span> <span class='ocrx_word' id='word_1_214' title='bbox 349 3318 370 3386; x_wconf 82' lang='lat'><strong>2</strong></span> <span class='ocrx_word' id='word_1_215' title='bbox 395 3316 493 3402; x_wconf 65' lang='lat' dir='ltr'>nirbld</span> <span class='ocrx_word' id='word_1_216' title='bbox 517 3316 574 3388; x_wconf 82' lang='lat' dir='ltr'>mit</span> <span class='ocrx_word' id='word_1_217' title='bbox 597 3317 650 3388; x_wconf 79' lang='lat' dir='ltr'>bet</span> <span class='ocrx_word' id='word_1_218' title='bbox 674 3315 775 3415; x_wconf 81' lang='lat' dir='ltr'>herba</span> <span class='ocrx_word' id='word_1_219' title='bbox 799 3315 945 3378; x_wconf 87' lang='lat' dir='ltr'>basilisca</span> <span class='ocrx_word' id='word_1_220' title='bbox 969 3333 1002 3398; x_wconf 58' lang='lat'>511</span> <span class='ocrx_word' id='word_1_221' title='bbox 1026 3312 1102 3399; x_wconf 70' lang='lat' dir='ltr'>thun</span> <span class='ocrx_word' id='word_1_222' title='bbox 1133 3311 1197 3397; x_wconf 47' lang='lat' dir='ltr'>hul!</span> <span class='ocrx_word' id='word_1_223' title='bbox 1231 3311 1289 3382; x_wconf 74' lang='lat' dir='ltr'>mle</span> <span class='ocrx_word' id='word_1_224' title='bbox 1314 3311 1385 3388; x_wconf 66' lang='lat' dir='ltr'>hless</span> <span class='ocrx_word' id='word_1_225' title='bbox 1412 3319 1443 3391; x_wconf 80' lang='lat' dir='ltr'>in</span> 
     </span>
     <span class='ocr_line' id='line_1_30' title="bbox 261 3419 1442 3511; baseline 0.01 -24"><span class='ocrx_word' id='word_1_226' title='bbox 261 3424 314 3496; x_wconf 75' lang='lat' dir='ltr'>ber</span> <span class='ocrx_word' id='word_1_227' title='bbox 337 3425 469 3508; x_wconf 83' lang='lat' dir='ltr'>vulgata</span> <span class='ocrx_word' id='word_1_228' title='bbox 499 3424 553 3496; x_wconf 82' lang='lat' dir='ltr'>bet</span> <span class='ocrx_word' id='word_1_229' title='bbox 585 3423 658 3511; x_wconf 56' lang='lat' dir='ltr'>&amp;ull</span> <span class='ocrx_word' id='word_1_230' title='bbox 686 3423 732 3505; x_wconf 76' lang='lat' dir='ltr'>nt.</span> <span class='ocrx_word' id='word_1_231' title='bbox 782 3422 865 3495; x_wconf 72' lang='lat' dir='ltr'>utun</span> <span class='ocrx_word' id='word_1_232' title='bbox 898 3420 985 3493; x_wconf 81' lang='lat' dir='ltr'>benlt</span> <span class='ocrx_word' id='word_1_233' title='bbox 1015 3419 1148 3506; x_wconf 62' lang='lat' dir='ltr'>inuidit</span> <span class='ocrx_word' id='word_1_234' title='bbox 1184 3438 1225 3490; x_wconf 84' lang='lat' dir='ltr'>on</span> <span class='ocrx_word' id='word_1_235' title='bbox 1261 3419 1324 3490; x_wconf 81' lang='lat' dir='ltr'>eine</span> <span class='ocrx_word' id='word_1_236' title='bbox 1361 3424 1442 3498; x_wconf 59' lang='lat' dir='ltr'>Iseo</span> 
     </span>
     <span class='ocr_line' id='line_1_31' title="bbox 261 3526 1443 3620; baseline 0 -14"><span class='ocrx_word' id='word_1_237' title='bbox 261 3532 373 3620; x_wconf 65' lang='lat' dir='ltr'>Ieiuno</span> <span class='ocrx_word' id='word_1_238' title='bbox 408 3532 464 3605; x_wconf 62' lang='lat' dir='ltr'>bel</span> <span class='ocrx_word' id='word_1_239' title='bbox 495 3531 645 3615; x_wconf 62' lang='lat' dir='ltr'>buttes,</span> <span class='ocrx_word' id='word_1_240' title='bbox 678 3529 817 3614; x_wconf 75' lang='lat' dir='ltr'>mnburd</span> <span class='ocrx_word' id='word_1_241' title='bbox 851 3529 881 3615; x_wconf 79' lang='lat' dir='ltr'>ln</span> <span class='ocrx_word' id='word_1_242' title='bbox 914 3533 1013 3600; x_wconf 69' lang='lat' dir='ltr'>cimus</span> <span class='ocrx_word' id='word_1_243' title='bbox 1044 3526 1172 3615; x_wconf 71' lang='lat' dir='ltr'>miquo</span> <span class='ocrx_word' id='word_1_244' title='bbox 1201 3526 1310 3602; x_wconf 69' lang='lat' dir='ltr'>werbe,</span> <span class='ocrx_word' id='word_1_245' title='bbox 1343 3528 1443 3605; x_wconf 78' lang='lat' dir='ltr'>lether</span> 
     </span>
     <span class='ocr_line' id='line_1_32' title="bbox 269 3634 1446 3726; baseline -0.003 -13"><span class='ocrx_word' id='word_1_246' title='bbox 269 3641 344 3726; x_wconf 71' lang='lat' dir='ltr'>muli</span> <span class='ocrx_word' id='word_1_247' title='bbox 368 3658 442 3713; x_wconf 82' lang='lat' dir='ltr'>nun</span> <span class='ocrx_word' id='word_1_248' title='bbox 466 3637 518 3724; x_wconf 74' lang='lat' dir='ltr'>ild)</span> <span class='ocrx_word' id='word_1_249' title='bbox 542 3636 628 3723; x_wconf 72' lang='lat' dir='ltr'>mehr</span> <span class='ocrx_word' id='word_1_250' title='bbox 652 3637 705 3709; x_wconf 81' lang='lat' dir='ltr'>ber</span> <span class='ocrx_word' id='word_1_251' title='bbox 720 3636 917 3724; x_wconf 64' lang='lat' dir='ltr'>bernaium</span> <span class='ocrx_word' id='word_1_252' title='bbox 942 3634 1115 3722; x_wconf 71' lang='lat' dir='ltr'>littidum,</span> <span class='ocrx_word' id='word_1_253' title='bbox 1139 3641 1172 3706; x_wconf 65' lang='lat' dir='ltr'>eo</span> <span class='ocrx_word' id='word_1_254' title='bbox 1197 3635 1235 3721; x_wconf 77' lang='lat' dir='ltr'>lei</span> <span class='ocrx_word' id='word_1_255' title='bbox 1260 3635 1356 3717; x_wconf 67' lang='lat' dir='ltr'>&#39;nieles</span> <span class='ocrx_word' id='word_1_256' title='bbox 1384 3659 1446 3713; x_wconf 81' lang='lat' dir='ltr'>nur</span> 
     </span>
     <span class='ocr_line' id='line_1_33' title="bbox 268 3743 1446 3836; baseline 0.001 -15"><span class='ocrx_word' id='word_1_257' title='bbox 268 3747 364 3821; x_wconf 81' lang='lat' dir='ltr'>einen</span> <span class='ocrx_word' id='word_1_258' title='bbox 388 3745 623 3836; x_wconf 69' lang='lat' dir='ltr'>nebunleulnlen</span> <span class='ocrx_word' id='word_1_259' title='bbox 647 3744 847 3830; x_wconf 66' lang='lat' dir='ltr'>Inmnilotnr</span> <span class='ocrx_word' id='word_1_260' title='bbox 875 3743 1113 3831; x_wconf 61' lang='lat' dir='ltr'>ruauldreitem</span> <span class='ocrx_word' id='word_1_261' title='bbox 1146 3745 1225 3816; x_wconf 78' lang='lat' dir='ltr'>burn</span> <span class='ocrx_word' id='word_1_262' title='bbox 1257 3743 1319 3828; x_wconf 64' lang='lat' dir='ltr'>bul}</span> <span class='ocrx_word' id='word_1_263' title='bbox 1354 3749 1446 3833; x_wconf 67' lang='lat' dir='ltr'>uniet</span> 
     </span>
     <span class='ocr_line' id='line_1_34' title="bbox 266 3851 1446 3941; baseline -0.008 -11"><span class='ocrx_word' id='word_1_264' title='bbox 266 3851 1446 3941; x_wconf 53' lang='lat' dir='ltr'>mmmmmmmmwmwmm</span> 
     </span>
     <span class='ocr_line' id='line_1_35' title="bbox 268 3958 1447 4050; baseline 0.001 -16"><span class='ocrx_word' id='word_1_265' title='bbox 268 3966 498 4035; x_wconf 73' lang='lat' dir='ltr'>cchxxxvl</span> <span class='ocrx_word' id='word_1_266' title='bbox 532 3960 702 4050; x_wconf 63' lang='lat' dir='ltr'>leuentur</span> <span class='ocrx_word' id='word_1_267' title='bbox 734 3971 793 4033; x_wconf 80' lang='lat' dir='ltr'>ton</span> <span class='ocrx_word' id='word_1_268' title='bbox 817 3963 1004 4032; x_wconf 78' lang='lat' dir='ltr'>CXXVIII.</span> <span class='ocrx_word' id='word_1_269' title='bbox 1038 3999 1080 4010; x_wconf 91' lang='lat'>-</span> <span class='ocrx_word' id='word_1_270' title='bbox 1112 3958 1163 4041; x_wconf 62' lang='lat' dir='ltr'>{ln</span> <span class='ocrx_word' id='word_1_271' title='bbox 1187 3959 1244 4032; x_wconf 72' lang='lat' dir='ltr'>et.</span> <span class='ocrx_word' id='word_1_272' title='bbox 1272 3959 1447 4035; x_wconf 64' lang='lat' dir='ltr'>dunecan</span> 
     </span>
    </p>
   </div>
   <div class='ocr_carea' id='block_1_4' title="bbox 266 4059 1449 4374">
    <p class='ocr_par' dir='ltr' id='par_1_7' title="bbox 266 4059 1449 4374">
     <span class='ocr_line' id='line_1_36' title="bbox 268 4059 1448 4158; baseline -0.008 -14"><span class='ocrx_word' id='word_1_273' title='bbox 268 4082 336 4144; x_wconf 81' lang='lat' dir='ltr'>tour</span> <span class='ocrx_word' id='word_1_274' title='bbox 368 4070 432 4158; x_wconf 80' lang='lat' dir='ltr'>ullo</span> <span class='ocrx_word' id='word_1_275' title='bbox 468 4069 516 4143; x_wconf 83' lang='lat' dir='ltr'>ein</span> <span class='ocrx_word' id='word_1_276' title='bbox 549 4067 770 4157; x_wconf 64' lang='lat' dir='ltr'>sublinitum</span> <span class='ocrx_word' id='word_1_277' title='bbox 795 4068 963 4155; x_wconf 62' lang='lat' dir='ltr'>bremun</span> <span class='ocrx_word' id='word_1_278' title='bbox 995 4069 1119 4155; x_wconf 65' lang='lat' dir='ltr'>unieret</span> <span class='ocrx_word' id='word_1_279' title='bbox 1143 4059 1184 4117; x_wconf 69' lang='grc'>’-</span> <span class='ocrx_word' id='word_1_280' title='bbox 1217 4078 1305 4138; x_wconf 80' lang='lat' dir='ltr'>menn</span> <span class='ocrx_word' id='word_1_281' title='bbox 1336 4066 1379 4152; x_wconf 72' lang='lat' dir='ltr'>Id</span> <span class='ocrx_word' id='word_1_282' title='bbox 1417 4072 1448 4151; x_wconf 70' lang='lat' dir='ltr'>In</span> 
     </span>
     <span class='ocr_line' id='line_1_37' title="bbox 269 4173 1448 4267; baseline -0.007 -16"><span class='ocrx_word' id='word_1_283' title='bbox 269 4178 361 4267; x_wconf 67' lang='lat' dir='ltr'>lupen</span> <span class='ocrx_word' id='word_1_284' title='bbox 384 4177 458 4265; x_wconf 70' lang='lat' dir='ltr'>buti</span> <span class='ocrx_word' id='word_1_285' title='bbox 481 4217 522 4230; x_wconf 80' lang='grc'>-</span> <span class='ocrx_word' id='word_1_286' title='bbox 547 4177 768 4264; x_wconf 63' lang='lat' dir='ltr'>Urunuleiussf‘</span> <span class='ocrx_word' id='word_1_287' title='bbox 815 4177 869 4241; x_wconf 88' lang='lat' dir='ltr'>Ex</span> <span class='ocrx_word' id='word_1_288' title='bbox 892 4178 1039 4263; x_wconf 83' lang='lat' dir='ltr'>numeris,</span> <span class='ocrx_word' id='word_1_289' title='bbox 1067 4197 1149 4258; x_wconf 91' lang='lat' dir='ltr'>quos</span> <span class='ocrx_word' id='word_1_290' title='bbox 1172 4173 1365 4256; x_wconf 90' lang='lat' dir='ltr'>Spengelius</span> <span class='ocrx_word' id='word_1_291' title='bbox 1389 4181 1448 4243; x_wconf 89' lang='lat' dir='ltr'>ad·</span> 
     </span>
     <span class='ocr_line' id='line_1_38' title="bbox 266 4283 1449 4374; baseline 0 -23"><span class='ocrx_word' id='word_1_292' title='bbox 266 4287 337 4374; x_wconf 86' lang='lat' dir='ltr'>sert,</span> <span class='ocrx_word' id='word_1_293' title='bbox 360 4286 447 4352; x_wconf 91' lang='lat' dir='ltr'>nullo</span> <span class='ocrx_word' id='word_1_294' title='bbox 473 4288 573 4351; x_wconf 93' lang='lat' dir='ltr'>modo</span> <span class='ocrx_word' id='word_1_295' title='bbox 598 4286 705 4370; x_wconf 91' lang='lat' dir='ltr'>colligi</span> <span class='ocrx_word' id='word_1_296' title='bbox 729 4295 837 4368; x_wconf 90' lang='lat' dir='ltr'>potest</span> <span class='ocrx_word' id='word_1_297' title='bbox 871 4287 1017 4350; x_wconf 91' lang='lat' dir='ltr'>codicem</span> <span class='ocrx_word' id='word_1_298' title='bbox 1039 4284 1084 4351; x_wconf 88' lang='grc' dir='ltr'>Μ.</span> <span class='ocrx_word' id='word_1_299' title='bbox 1120 4283 1221 4347; x_wconf 89' lang='lat' dir='ltr'>multo</span> <span class='ocrx_word' id='word_1_300' title='bbox 1253 4283 1449 4364; x_wconf 89' lang='lat' dir='ltr'>ampliorem</span> 
     </span>
    </p>
   </div>
   <div class='ocr_carea' id='block_1_5' title="bbox 0 0 1496 4740">
    <p class='ocr_par' dir='ltr' id='par_1_8' title="bbox 0 0 1496 4740">
     <span class='ocr_line' id='line_1_39' title="bbox 0 0 1496 4740; baseline 0 0"><span class='ocrx_word' id='word_1_301' title='bbox 0 0 1496 4740; x_wconf 95' lang='lat' dir='ltr'> </span> 
     </span>
    </p>
   </div>
  </div>
 </body>
</html>
