2924 4732
532 820 642 1004 ΪΙΙ.
678 891 1117 1005 Emendationos.

240 1147 272 1249 l)
302 1150 582 1241 Emendantnr‚
620 1173 722 1240 qnae
752 1151 793 1221 in
823 1151 910 1221 cod.
942 1151 971 1220 L
1000 1160 1187 1243 corrupta
1215 1153 1405 1231 videntur.

212 1478 213 1482 Ἰ
343 1398 401 1475 Ea,
436 1419 520 1480 quae
556 1400 587 1460 in
618 1400 765 1461 remediis
788 1400 864 1479 ipsis
900 1401 1102 1461 emendanda
1135 1409 1223 1477 sunt,
1259 1400 1346 1464 haud
1369 1403 1409 1463 ita

237 1506 336 1567 multa
358 1515 440 1574 sunt,
476 1506 614 1568 Plurima
637 1508 713 1568 vitia
737 1507 767 1567 in
790 1507 964 1568 verborum
987 1507 1101 1569 finibus
1123 1509 1280 1588 corruptis
1305 1508 1409 1586 latent,

240 1634 323 1695 quae
348 1615 479 1694 quidem
503 1613 596 1675 facile
620 1616 723 1675 sanari
748 1623 888 1694 possunt.
929 1613 1050 1677 Contra
1073 1635 1138 1676 non
1162 1634 1266 1694 pauca
1290 1616 1409 1695 planta-

238 1743 307 1783 rum
330 1723 459 1784 nomina
483 1742 601 1802 magno
626 1742 725 1802 opere
749 1722 929 1784 deformata
953 1724 1145 1785 emendandi
1162 1732 1264 1784 artem
1289 1725 1410 1785 deside·

237 1839 316 1892 rant.
363 1827 570 1911 Quamquam
604 1830 724 1891 multae
757 1829 961 1909 corruptelae
993 1832 1112 1892 codicis
1143 1831 1171 1891 L
1202 1830 1270 1892 aliis
1295 1833 1410 1893 codici-

236 1938 296 1999 bus
327 1946 359 1998 et
390 1939 530 1999 editione
562 1937 695 2018 vulgata
726 1936 915 1999 adhibendis
946 1937 1037 1999 facile
1074 1940 1236 2000 emendari
1269 1949 1410 2018 possunt,

236 2054 346 2107 tamen
380 2045 486 2107 adhuc
522 2043 622 2106 multa
657 2053 795 2122 restant,
847 2065 930 2124 quae
974 2047 1199 2107 emendatione
1239 2048 1409 2128 indigeant.

236 2151 349 2233 Atque
383 2151 444 2213 hac
478 2154 509 2213 in
533 2172 567 2213 re
598 2153 738 2231 inprimis
762 2152 895 2214 Plinium
927 2161 959 2214 et
982 2154 1208 2215 Dioscoridem
1234 2156 1410 2216 adsciscen-

236 2262 295 2322 dos
319 2279 388 2320 esse
412 2268 557 2340 apparet.

343 2367 451 2429 Locos
490 2376 666 2446 corruptos,
709 2369 763 2448 qui
805 2377 998 2447 sequuntur,
1037 2370 1262 2431 emendatione
1300 2391 1411 2435 sanare

236 2495 331 2555 posse
356 2472 432 2535 mihi
455 2476 578 2538 videor.

345 2581 379 2642 In
415 2601 486 2661 cap.
523 2585 539 2650 I
574 2584 656 2644 inter
690 2603 872 2664 synonyma
906 2581 1027 2645 herbae
1061 2587 1244 2647 vettonicae
1277 2589 1412 2650 traditur

239 2694 490 2768 «dyprinionp
525 2691 615 2770 quod
646 2709 751 2769 neque
775 2690 883 2754 Diosc.
917 2710 1023 2770 neque
1054 2691 1129 2753 Plin.
1161 2690 1270 2762 habet,
1318 2693 1411 2776 Quae

236 2818 303 2859 vox
326 2798 404 2877 quid
437 2796 496 2858 sibi
528 2796 612 2874 velit,
644 2817 740 2859 nemo
771 2797 935 2878 intellegit.
983 2797 1064 2860 Cum
1092 2808 1199 2861 autem
1223 2801 1331 2865 Diosc.
1356 2806 1412 2880 IV,

242 2922 252 2965 1
282 2907 324 2967 de
346 2905 510 2967 vettonica
533 2906 619 2967 dicat
646 2886 717 2961 «ἐπ’
757 2887 848 2987 ἄκρῳ
885 2892 921 2962 δὲ
956 2901 1026 2963 τῶν
1060 2898 1193 2964 καυλῶν
1229 2896 1344 2967 ἔνεστι
1371 2895 1413 2968 τὸ

236 3001 376 3094 σπέρμα
405 3001 676 3090 ἐσταχυωμένων
696 2991 809 3094 ὥσπερ
834 2996 1011 3094 θύμβρας,
1035 3016 1182 3075 conicere
1207 3014 1290 3092 licet,
1313 3020 1412 3098 scrip.

199 3168 201 3172 .
235 3129 303 3182 tum
327 3121 422 3182 fuisse
460 3125 767 3198 «thymbrinion‚»
802 3121 858 3181 nisi
883 3120 965 3182 sorte
989 3131 1148 3201 putamuS,
1180 3122 1279 3185 latere
1304 3126 1336 3186 in
1360 3127 1413 3188 illa

235 3248 317 3289 voce
340 3248 458 3290 nomen
482 3248 525 3290 ex
549 3248 631 3289 voce
655 3219 733 3309 δρῦς
757 3230 898 3305 ductum,
927 3249 1000 3289 cum
1024 3231 1110 3291 idem
1133 3230 1242 3298 Diosc,
1267 3230 1285 3294 l.
1311 3253 1340 3302 c,
1365 3235 1412 3295 di-

236 3344 288 3397 cat
315 3319 453 3415 «φύλλα
481 3318 613 3416 μακρά,
640 3312 796 3414 potiano,
826 3314 933 3414 ὃμοια
962 3323 1068 3417 dpvl.»

343 3441 378 3506 C.
392 3443 415 3506 I.
433 3444 473 3503 28
499 3441 551 3504 hic
566 3442 675 3504 titulus
688 3442 805 3524 legitur
823 3444 884 3504 «ad
897 3443 1043 3505 mulieres
1059 3444 1191 3521 locosas,
1208 3445 1324 3524 quibus
1338 3446 1413 3510 loca

235 3571 254 3611 a
278 3550 395 3631 frigore
420 3556 658 3613 moriuntur.»
699 3549 879 3613 Moriuntur
902 3560 990 3612 recta
1013 3553 1170 3614 sententia
1194 3561 1291 3620 caret,
1334 3553 1413 3617 Sine

235 3658 333 3720 dubio
362 3659 567 3720 scribendum
600 3667 649 3719 est
684 3663 951 3721 mordentur.»
1001 3657 1092 3727 Cons.
1118 3659 1197 3720 Hor.
1231 3658 1299 3727 Sat.
1325 3677 1356 3725 2.
1383 3663 1405 3723 6

233 3778 287 3843 45.
313 3764 471 3828 Matutina
493 3786 606 3845 parum
631 3775 742 3828 cautos
764 3768 827 3828 iam
851 3767 970 3848 frigora
993 3769 1150 3830 mordent.
1160 3767 1193 3846 (Ἴ

343 3872 379 3942 C.
414 3874 452 3939 II.
495 3890 541 3954 19.
585 3873 660 3936 «Ad
696 3875 903 3936 disentericos
939 3876 1036 3936 etiam
1074 3876 1297 3938 torminosos.»
1348 3877 1413 3940 Pro

238 3987 388 4042 «etiam»
414 3981 554 4044 scribere
578 3981 673 4043 velim
700 3986 859 4045 «etad».
899 3981 954 4044 Ad
978 3982 1197 4062 dysentericos
1222 3993 1254 4044 et
1278 3985 1319 4044 ad
1344 3994 1413 4048 tor-

236 4088 383 4155 minosos.
430 4088 528 4170 Vulg.
555 4088 654 4151 habet
681 4089 770 4152 «vel»
798 4091 871 4158 cod.
895 4089 937 4152 V.
962 4088 1099 4169 praebet
1125 4097 1209 4159 «et»,

342 4263 369 4333 *)
389 4283 416 4321 v.
436 4263 545 4321 Christ:
565 4265 668 4337 quibus
688 4266 752 4321 loca
771 4265 879 4337 frigore
898 4266 1081 4321 emorientur.
