<?xml version="1.0" encoding="UTF-8"?>
<!DOCTYPE html PUBLIC "-//W3C//DTD XHTML 1.0 Transitional//EN"
    "http://www.w3.org/TR/xhtml1/DTD/xhtml1-transitional.dtd">
<html xmlns="http://www.w3.org/1999/xhtml" xml:lang="en" lang="en">
 <head>
  <title>
</title>
<meta http-equiv="Content-Type" content="text/html;charset=utf-8" />
  <meta name='ocr-system' content='tesseract 3.04.00' />
  <meta name='ocr-capabilities' content='ocr_page ocr_carea ocr_par ocr_line ocrx_word'/>
</head>
<body>
  <div class='ocr_page' id='page_1' title='image "./depseudoapuleih00kbgoog_0034.png"; bbox 0 0 2924 4732; ppageno 0'>
   <div class='ocr_carea' id='block_1_1' title="bbox 796 241 851 318">
    <p class='ocr_par' dir='ltr' id='par_1_1' title="bbox 796 241 851 318">
     <span class='ocr_line' id='line_1_1' title="bbox 796 241 851 318; baseline -0.018 0"><span class='ocrx_word' id='word_1_1' title='bbox 796 241 851 318; x_wconf 85' lang='lat'>24</span> 
     </span>
    </p>
   </div>
   <div class='ocr_carea' id='block_1_2' title="bbox 714 349 926 359">
    <p class='ocr_par' dir='ltr' id='par_1_2' title="bbox 714 349 926 359">
     <span class='ocr_line' id='line_1_2' title="bbox 714 349 926 359; baseline 0 0"><span class='ocrx_word' id='word_1_2' title='bbox 714 349 926 359; x_wconf 78' lang='lat'>——.-—</span> 
     </span>
    </p>
   </div>
   <div class='ocr_carea' id='block_1_3' title="bbox 452 473 1183 560">
    <p class='ocr_par' dir='ltr' id='par_1_3' title="bbox 452 473 1183 560">
     <span class='ocr_line' id='line_1_3' title="bbox 452 473 1183 560; baseline -0.003 -20"><span class='ocrx_word' id='word_1_3' title='bbox 452 474 552 560; x_wconf 82' lang='lat' dir='ltr'>Apul.</span> <span class='ocrx_word' id='word_1_4' title='bbox 1104 473 1183 538; x_wconf 93' lang='lat' dir='ltr'>Plin.</span> 
     </span>
    </p>
   </div>
   <div class='ocr_carea' id='block_1_4' title="bbox 231 583 1437 1828">
    <p class='ocr_par' dir='ltr' id='par_1_4' title="bbox 233 583 1408 1205">
     <span class='ocr_line' id='line_1_4' title="bbox 302 583 1403 666; baseline -0.008 -12"><span class='ocrx_word' id='word_1_5' title='bbox 302 587 422 654; x_wconf 84' lang='lat' dir='ltr'>LXIV.</span> <span class='ocrx_word' id='word_1_6' title='bbox 469 585 526 648; x_wconf 90' lang='lat' dir='ltr'>Ad</span> <span class='ocrx_word' id='word_1_7' title='bbox 564 587 768 666; x_wconf 88' lang='lat' dir='ltr'>scorpionum</span> <span class='ocrx_word' id='word_1_8' title='bbox 946 601 997 663; x_wconf 86' lang='lat'>22,</span> <span class='ocrx_word' id='word_1_9' title='bbox 1024 587 1076 664; x_wconf 87' lang='grc'>58,</span> <span class='ocrx_word' id='word_1_10' title='bbox 1105 583 1234 646; x_wconf 88' lang='lat' dir='ltr'>Genera</span> <span class='ocrx_word' id='word_1_11' title='bbox 1260 584 1337 664; x_wconf 79' lang='lat' dir='ltr'>(scil</span> <span class='ocrx_word' id='word_1_12' title='bbox 1359 583 1403 645; x_wconf 90' lang='lat' dir='ltr'>he-</span> 
     </span>
     <span class='ocr_line' id='line_1_5' title="bbox 234 685 1405 774; baseline -0.001 -20"><span class='ocrx_word' id='word_1_13' title='bbox 234 701 268 755; x_wconf 91' lang='lat' dir='ltr'>et</span> <span class='ocrx_word' id='word_1_14' title='bbox 282 685 479 773; x_wconf 82' lang='lat' dir='ltr'>serpentium</span> <span class='ocrx_word' id='word_1_15' title='bbox 494 713 628 758; x_wconf 89' lang='lat' dir='ltr'>morsus.</span> <span class='ocrx_word' id='word_1_16' title='bbox 654 693 768 763; x_wconf 83' lang='lat' dir='ltr'>hso-</span> <span class='ocrx_word' id='word_1_17' title='bbox 879 695 1029 774; x_wconf 87' lang='lat' dir='ltr'>liotropii)</span> <span class='ocrx_word' id='word_1_18' title='bbox 1061 693 1139 754; x_wconf 92' lang='lat' dir='ltr'>duo:</span> <span class='ocrx_word' id='word_1_19' title='bbox 1172 693 1351 754; x_wconf 85' lang='lat' dir='ltr'>tricoccum</span> <span class='ocrx_word' id='word_1_20' title='bbox 1380 701 1405 754; x_wconf 93' lang='lat' dir='ltr'>et</span> 
     </span>
     <span class='ocr_line' id='line_1_6' title="bbox 235 797 1407 886; baseline -0.002 -24"><span class='ocrx_word' id='word_1_21' title='bbox 235 807 317 877; x_wconf 82' lang='lat' dir='ltr'>lago</span> <span class='ocrx_word' id='word_1_22' title='bbox 350 802 453 861; x_wconf 92' lang='lat' dir='ltr'>maior</span> <span class='ocrx_word' id='word_1_23' title='bbox 483 806 580 863; x_wconf 85' lang='lat' dir='ltr'>sicea</span> <span class='ocrx_word' id='word_1_24' title='bbox 611 807 649 863; x_wconf 93' lang='lat' dir='ltr'>in</span> <span class='ocrx_word' id='word_1_25' title='bbox 680 807 767 878; x_wconf 85' lang='lat' dir='ltr'>pul·</span> <span class='ocrx_word' id='word_1_26' title='bbox 817 797 820 886; x_wconf 75' lang='lat' dir='ltr'>l</span> <span class='ocrx_word' id='word_1_27' title='bbox 878 801 1128 881; x_wconf 89' lang='lat' dir='ltr'>helioscopium;</span> <span class='ocrx_word' id='word_1_28' title='bbox 1161 798 1225 860; x_wconf 96' lang='lat' dir='ltr'>hoc</span> <span class='ocrx_word' id='word_1_29' title='bbox 1259 799 1353 861; x_wconf 89' lang='lat' dir='ltr'>altius</span> <span class='ocrx_word' id='word_1_30' title='bbox 1381 809 1407 860; x_wconf 89' lang='lat' dir='ltr'>et</span> 
     </span>
     <span class='ocr_line' id='line_1_7' title="bbox 233 907 1407 989; baseline -0.001 -20"><span class='ocrx_word' id='word_1_31' title='bbox 233 925 360 971; x_wconf 78' lang='lat' dir='ltr'>venem</span> <span class='ocrx_word' id='word_1_32' title='bbox 368 908 770 971; x_wconf 87' lang='lat' dir='ltr'>mollissimumredacta</span> <span class='ocrx_word' id='word_1_33' title='bbox 878 908 1080 989; x_wconf 86' lang='lat' dir='ltr'>serpentibus</span> <span class='ocrx_word' id='word_1_34' title='bbox 1118 915 1151 968; x_wconf 90' lang='lat' dir='ltr'>et</span> <span class='ocrx_word' id='word_1_35' title='bbox 1188 907 1407 987; x_wconf 91' lang='lat' dir='ltr'>scorpionibus</span> 
     </span>
     <span class='ocr_line' id='line_1_8' title="bbox 233 1015 1408 1096; baseline 0.001 -20"><span class='ocrx_word' id='word_1_36' title='bbox 233 1017 263 1076; x_wconf 95' lang='lat' dir='ltr'>in</span> <span class='ocrx_word' id='word_1_37' title='bbox 295 1018 370 1077; x_wconf 92' lang='lat' dir='ltr'>vino</span> <span class='ocrx_word' id='word_1_38' title='bbox 402 1017 494 1096; x_wconf 93' lang='lat' dir='ltr'>potui</span> <span class='ocrx_word' id='word_1_39' title='bbox 525 1017 621 1077; x_wconf 90' lang='lat' dir='ltr'>datur</span> <span class='ocrx_word' id='word_1_40' title='bbox 644 1024 676 1077; x_wconf 94' lang='lat' dir='ltr'>et</span> <span class='ocrx_word' id='word_1_41' title='bbox 699 1017 770 1096; x_wconf 92' lang='lat' dir='ltr'>ipsa</span> <span class='ocrx_word' id='word_1_42' title='bbox 878 1017 992 1078; x_wconf 89' lang='lat' dir='ltr'>resistit</span> <span class='ocrx_word' id='word_1_43' title='bbox 1030 1025 1083 1076; x_wconf 75' lang='lat' dir='ltr'>ex·</span> <span class='ocrx_word' id='word_1_44' title='bbox 1115 1015 1189 1075; x_wconf 91' lang='lat' dir='ltr'>vino</span> <span class='ocrx_word' id='word_1_45' title='bbox 1226 1022 1283 1075; x_wconf 93' lang='lat' dir='ltr'>aut</span> <span class='ocrx_word' id='word_1_46' title='bbox 1320 1034 1408 1092; x_wconf 89' lang='lat' dir='ltr'>aqua</span> 
     </span>
     <span class='ocr_line' id='line_1_9' title="bbox 234 1100 1408 1205; baseline 0 -21"><span class='ocrx_word' id='word_1_47' title='bbox 234 1132 369 1185; x_wconf 88' lang='lat' dir='ltr'>contusa</span> <span class='ocrx_word' id='word_1_48' title='bbox 394 1123 511 1204; x_wconf 86' lang='lat' dir='ltr'>plagae</span> <span class='ocrx_word' id='word_1_49' title='bbox 535 1125 705 1205; x_wconf 92' lang='lat' dir='ltr'>inponitur.</span> <span class='ocrx_word' id='word_1_50' title='bbox 761 1100 765 1108; x_wconf 28' lang='grc' dir='ltr'>Ι</span> <span class='ocrx_word' id='word_1_51' title='bbox 877 1128 1009 1198; x_wconf 88' lang='lat' dir='ltr'>mulsa,</span> <span class='ocrx_word' id='word_1_52' title='bbox 1057 1130 1092 1183; x_wconf 92' lang='lat' dir='ltr'>ut</span> <span class='ocrx_word' id='word_1_53' title='bbox 1129 1126 1408 1198; x_wconf 79' lang='lat' dir='ltr'>Apollophanes</span> 
     </span>
    </p>

    <p class='ocr_par' dir='ltr' id='par_1_5' title="bbox 339 1229 1437 1419">
     <span class='ocr_line' id='line_1_10' title="bbox 876 1229 1355 1306; baseline -0.004 -14"><span class='ocrx_word' id='word_1_54' title='bbox 876 1239 912 1292; x_wconf 87' lang='lat' dir='ltr'>et</span> <span class='ocrx_word' id='word_1_55' title='bbox 934 1232 1187 1306; x_wconf 83' lang='lat' dir='ltr'>Apololdorus</span> <span class='ocrx_word' id='word_1_56' title='bbox 1210 1229 1355 1291; x_wconf 90' lang='lat' dir='ltr'>tradunt.</span> 
     </span>
     <span class='ocr_line' id='line_1_11' title="bbox 339 1337 1437 1419; baseline -0.004 -20"><span class='ocrx_word' id='word_1_57' title='bbox 339 1338 410 1400; x_wconf 92' lang='lat' dir='ltr'>NB.</span> <span class='ocrx_word' id='word_1_58' title='bbox 458 1338 538 1401; x_wconf 88' lang='lat' dir='ltr'>Vox</span> <span class='ocrx_word' id='word_1_59' title='bbox 564 1339 715 1419; x_wconf 74' lang='lat' dir='ltr'>«solagon</span> <span class='ocrx_word' id='word_1_60' title='bbox 742 1358 761 1399; x_wconf 92' lang='lat' dir='ltr'>a</span> <span class='ocrx_word' id='word_1_61' title='bbox 784 1337 883 1399; x_wconf 91' lang='lat' dir='ltr'>Plinio</span> <span class='ocrx_word' id='word_1_62' title='bbox 908 1355 1064 1417; x_wconf 90' lang='lat' dir='ltr'>nusquam</span> <span class='ocrx_word' id='word_1_63' title='bbox 1088 1342 1270 1414; x_wconf 89' lang='lat' dir='ltr'>usurpatur.</span> <span class='ocrx_word' id='word_1_64' title='bbox 1430 1388 1437 1412; x_wconf 76' lang='grc'>,</span> 
     </span>
    </p>

    <p class='ocr_par' dir='ltr' id='par_1_6' title="bbox 231 1439 1411 1828">
     <span class='ocr_line' id='line_1_12' title="bbox 299 1439 1408 1526; baseline -0.008 -13"><span class='ocrx_word' id='word_1_65' title='bbox 299 1448 437 1514; x_wconf 85' lang='lat' dir='ltr'>LXVII.</span> <span class='ocrx_word' id='word_1_66' title='bbox 478 1461 503 1508; x_wconf 89' lang='lat'>1.</span> <span class='ocrx_word' id='word_1_67' title='bbox 537 1444 593 1507; x_wconf 91' lang='lat' dir='ltr'>Ad</span> <span class='ocrx_word' id='word_1_68' title='bbox 617 1446 766 1526; x_wconf 89' lang='lat' dir='ltr'>dysente-</span> <span class='ocrx_word' id='word_1_69' title='bbox 944 1444 994 1520; x_wconf 86' lang='lat'>26,</span> <span class='ocrx_word' id='word_1_70' title='bbox 1017 1458 1069 1518; x_wconf 84' lang='lat'>24.</span> <span class='ocrx_word' id='word_1_71' title='bbox 1086 1439 1177 1505; x_wconf 88' lang='lat' dir='ltr'>Sistit</span> <span class='ocrx_word' id='word_1_72' title='bbox 1193 1441 1305 1502; x_wconf 92' lang='lat' dir='ltr'>alvom</span> <span class='ocrx_word' id='word_1_73' title='bbox 1323 1463 1408 1523; x_wconf 89' lang='lat' dir='ltr'>nym-</span> 
     </span>
     <span class='ocr_line' id='line_1_13' title="bbox 233 1548 1411 1633; baseline 0 -21"><span class='ocrx_word' id='word_1_74' title='bbox 233 1554 324 1616; x_wconf 76' lang='lat' dir='ltr'>ricoS.</span> <span class='ocrx_word' id='word_1_75' title='bbox 359 1551 461 1614; x_wconf 87' lang='lat' dir='ltr'>herba</span> <span class='ocrx_word' id='word_1_76' title='bbox 484 1551 670 1633; x_wconf 91' lang='lat' dir='ltr'>nymphaea</span> <span class='ocrx_word' id='word_1_77' title='bbox 693 1573 767 1615; x_wconf 92' lang='lat' dir='ltr'>cum</span> <span class='ocrx_word' id='word_1_78' title='bbox 875 1551 981 1633; x_wconf 93' lang='lat' dir='ltr'>phaea</span> <span class='ocrx_word' id='word_1_79' title='bbox 1005 1548 1174 1612; x_wconf 89' lang='lat' dir='ltr'>Heracliae</span> <span class='ocrx_word' id='word_1_80' title='bbox 1203 1568 1319 1610; x_wconf 91' lang='lat' dir='ltr'>semen</span> <span class='ocrx_word' id='word_1_81' title='bbox 1343 1570 1411 1612; x_wconf 90' lang='lat' dir='ltr'>cum</span> 
     </span>
     <span class='ocr_line' id='line_1_14' title="bbox 231 1661 1096 1740; baseline -0.001 -20"><span class='ocrx_word' id='word_1_82' title='bbox 231 1664 351 1721; x_wconf 93' lang='lat' dir='ltr'>semine</span> <span class='ocrx_word' id='word_1_83' title='bbox 387 1661 417 1720; x_wconf 95' lang='lat' dir='ltr'>in</span> <span class='ocrx_word' id='word_1_84' title='bbox 450 1661 524 1721; x_wconf 92' lang='lat' dir='ltr'>vino</span> <span class='ocrx_word' id='word_1_85' title='bbox 557 1661 638 1737; x_wconf 91' lang='lat' dir='ltr'>trita,</span> <span class='ocrx_word' id='word_1_86' title='bbox 675 1662 767 1740; x_wconf 89' lang='lat' dir='ltr'>potui</span> <span class='ocrx_word' id='word_1_87' title='bbox 875 1661 949 1721; x_wconf 95' lang='lat' dir='ltr'>vino</span> <span class='ocrx_word' id='word_1_88' title='bbox 972 1667 1096 1739; x_wconf 88' lang='lat' dir='ltr'>potum.</span> 
     </span>
     <span class='ocr_line' id='line_1_15' title="bbox 232 1767 518 1828; baseline 0 0"><span class='ocrx_word' id='word_1_89' title='bbox 232 1768 309 1828; x_wconf 91' lang='lat' dir='ltr'>data</span> <span class='ocrx_word' id='word_1_90' title='bbox 332 1768 410 1828; x_wconf 91' lang='lat' dir='ltr'>mire</span> <span class='ocrx_word' id='word_1_91' title='bbox 435 1767 518 1828; x_wconf 84' lang='lat' dir='ltr'>facit.</span> 
     </span>
    </p>
   </div>
   <div class='ocr_carea' id='block_1_5' title="bbox 660 2083 979 2121">
    <p class='ocr_par' dir='ltr' id='par_1_7' title="bbox 660 2083 979 2121">
     <span class='ocr_line' id='line_1_16' title="bbox 660 2083 979 2121; baseline 0.003 -1"><span class='ocrx_word' id='word_1_92' title='bbox 660 2083 979 2121; x_wconf 38' lang='lat' dir='ltr'>—ffffl—ff-</span> 
     </span>
    </p>
   </div>
   <div class='ocr_carea' id='block_1_6' title="bbox 229 2336 1417 3600">
    <p class='ocr_par' dir='ltr' id='par_1_8' title="bbox 230 2336 1413 2848">
     <span class='ocr_line' id='line_1_17' title="bbox 339 2336 1409 2420; baseline 0.002 -20"><span class='ocrx_word' id='word_1_93' title='bbox 339 2338 502 2401; x_wconf 93' lang='lat' dir='ltr'>Remediis</span> <span class='ocrx_word' id='word_1_94' title='bbox 525 2336 645 2418; x_wconf 88' lang='lat' dir='ltr'>Apulei</span> <span class='ocrx_word' id='word_1_95' title='bbox 670 2347 702 2400; x_wconf 89' lang='lat' dir='ltr'>et</span> <span class='ocrx_word' id='word_1_96' title='bbox 726 2338 813 2400; x_wconf 91' lang='lat' dir='ltr'>Plinii</span> <span class='ocrx_word' id='word_1_97' title='bbox 837 2339 970 2400; x_wconf 88' lang='lat' dir='ltr'>easdem</span> <span class='ocrx_word' id='word_1_98' title='bbox 994 2359 1044 2400; x_wconf 90' lang='lat' dir='ltr'>res</span> <span class='ocrx_word' id='word_1_99' title='bbox 1069 2339 1232 2400; x_wconf 90' lang='lat' dir='ltr'>continere</span> <span class='ocrx_word' id='word_1_100' title='bbox 1258 2349 1409 2420; x_wconf 86' lang='lat' dir='ltr'>apparet,</span> 
     </span>
     <span class='ocr_line' id='line_1_18' title="bbox 232 2443 1411 2520; baseline 0.002 -13"><span class='ocrx_word' id='word_1_101' title='bbox 232 2446 291 2507; x_wconf 91' lang='lat' dir='ltr'>sed</span> <span class='ocrx_word' id='word_1_102' title='bbox 314 2467 378 2507; x_wconf 93' lang='lat' dir='ltr'>non</span> <span class='ocrx_word' id='word_1_103' title='bbox 403 2447 509 2506; x_wconf 92' lang='lat' dir='ltr'>omnia</span> <span class='ocrx_word' id='word_1_104' title='bbox 533 2447 616 2507; x_wconf 91' lang='lat' dir='ltr'>inter</span> <span class='ocrx_word' id='word_1_105' title='bbox 637 2465 671 2520; x_wconf 92' lang='lat' dir='ltr'>se</span> <span class='ocrx_word' id='word_1_106' title='bbox 696 2447 907 2513; x_wconf 83' lang='lat' dir='ltr'>consentiunt.</span> <span class='ocrx_word' id='word_1_107' title='bbox 954 2443 1066 2507; x_wconf 90' lang='lat' dir='ltr'>Oratio</span> <span class='ocrx_word' id='word_1_108' title='bbox 1095 2454 1205 2507; x_wconf 92' lang='lat' dir='ltr'>autem</span> <span class='ocrx_word' id='word_1_109' title='bbox 1229 2446 1260 2505; x_wconf 93' lang='lat' dir='ltr'>in</span> <span class='ocrx_word' id='word_1_110' title='bbox 1286 2445 1337 2508; x_wconf 90' lang='lat' dir='ltr'>his</span> <span class='ocrx_word' id='word_1_111' title='bbox 1364 2468 1411 2509; x_wconf 92' lang='lat' dir='ltr'>re·</span> 
     </span>
     <span class='ocr_line' id='line_1_19' title="bbox 232 2552 1412 2628; baseline 0.003 -14"><span class='ocrx_word' id='word_1_112' title='bbox 232 2554 344 2614; x_wconf 92' lang='lat' dir='ltr'>mediis</span> <span class='ocrx_word' id='word_1_113' title='bbox 380 2552 521 2615; x_wconf 89' lang='lat' dir='ltr'>breviter</span> <span class='ocrx_word' id='word_1_114' title='bbox 556 2552 754 2614; x_wconf 90' lang='lat' dir='ltr'>adumbratis</span> <span class='ocrx_word' id='word_1_115' title='bbox 789 2561 855 2614; x_wconf 89' lang='lat' dir='ltr'>tam</span> <span class='ocrx_word' id='word_1_116' title='bbox 891 2555 1020 2614; x_wconf 87' lang='lat' dir='ltr'>concisa</span> <span class='ocrx_word' id='word_1_117' title='bbox 1054 2561 1110 2628; x_wconf 87' lang='lat' dir='ltr'>est,</span> <span class='ocrx_word' id='word_1_118' title='bbox 1145 2561 1180 2614; x_wconf 92' lang='lat' dir='ltr'>ut</span> <span class='ocrx_word' id='word_1_119' title='bbox 1213 2573 1257 2614; x_wconf 89' lang='lat' dir='ltr'>ex</span> <span class='ocrx_word' id='word_1_120' title='bbox 1282 2575 1323 2616; x_wconf 91' lang='lat' dir='ltr'>ea</span> <span class='ocrx_word' id='word_1_121' title='bbox 1348 2577 1412 2618; x_wconf 93' lang='lat' dir='ltr'>non</span> 
     </span>
     <span class='ocr_line' id='line_1_20' title="bbox 231 2658 1413 2741; baseline 0.003 -19"><span class='ocrx_word' id='word_1_122' title='bbox 231 2661 326 2722; x_wconf 87' lang='lat' dir='ltr'>liceat</span> <span class='ocrx_word' id='word_1_123' title='bbox 350 2662 498 2722; x_wconf 88' lang='lat' dir='ltr'>conicere</span> <span class='ocrx_word' id='word_1_124' title='bbox 523 2659 564 2722; x_wconf 93' lang='lat' dir='ltr'>ab</span> <span class='ocrx_word' id='word_1_125' title='bbox 586 2658 728 2741; x_wconf 91' lang='lat' dir='ltr'>Apuleio</span> <span class='ocrx_word' id='word_1_126' title='bbox 745 2660 877 2722; x_wconf 92' lang='lat' dir='ltr'>Plinium</span> <span class='ocrx_word' id='word_1_127' title='bbox 902 2669 1092 2741; x_wconf 88' lang='lat' dir='ltr'>excerptum</span> <span class='ocrx_word' id='word_1_128' title='bbox 1117 2680 1194 2737; x_wconf 92' lang='lat' dir='ltr'>esse,</span> <span class='ocrx_word' id='word_1_129' title='bbox 1219 2665 1413 2741; x_wconf 87' lang='lat' dir='ltr'>praesertim</span> 
     </span>
     <span class='ocr_line' id='line_1_21' title="bbox 230 2767 898 2848; baseline 0.001 -19"><span class='ocrx_word' id='word_1_130' title='bbox 230 2788 305 2829; x_wconf 93' lang='lat' dir='ltr'>cum</span> <span class='ocrx_word' id='word_1_131' title='bbox 329 2767 431 2829; x_wconf 89' lang='lat' dir='ltr'>verba</span> <span class='ocrx_word' id='word_1_132' title='bbox 451 2788 552 2848; x_wconf 87' lang='lat' dir='ltr'>saepe</span> <span class='ocrx_word' id='word_1_133' title='bbox 576 2769 657 2830; x_wconf 89' lang='lat' dir='ltr'>inter</span> <span class='ocrx_word' id='word_1_134' title='bbox 680 2788 715 2830; x_wconf 90' lang='lat' dir='ltr'>se</span> <span class='ocrx_word' id='word_1_135' title='bbox 739 2767 898 2831; x_wconf 84' lang='lat' dir='ltr'>differant.</span> 
     </span>
    </p>

    <p class='ocr_par' dir='ltr' id='par_1_9' title="bbox 229 2874 1416 3278">
     <span class='ocr_line' id='line_1_22' title="bbox 337 2874 1412 2956; baseline 0.005 -20"><span class='ocrx_word' id='word_1_136' title='bbox 337 2879 364 2944; x_wconf 80' lang='grc' dir='ltr'>Ι,</span> <span class='ocrx_word' id='word_1_137' title='bbox 389 2875 421 2944; x_wconf 82' lang='lat' dir='ltr'>b.</span> <span class='ocrx_word' id='word_1_138' title='bbox 446 2875 613 2952; x_wconf 87' lang='lat' dir='ltr'>Remedia,</span> <span class='ocrx_word' id='word_1_139' title='bbox 637 2896 721 2956; x_wconf 92' lang='lat' dir='ltr'>quae</span> <span class='ocrx_word' id='word_1_140' title='bbox 746 2875 787 2937; x_wconf 91' lang='lat' dir='ltr'>ab</span> <span class='ocrx_word' id='word_1_141' title='bbox 804 2874 946 2956; x_wconf 91' lang='lat' dir='ltr'>Apuleio</span> <span class='ocrx_word' id='word_1_142' title='bbox 971 2877 1072 2956; x_wconf 85' lang='lat' dir='ltr'>magis</span> <span class='ocrx_word' id='word_1_143' title='bbox 1095 2883 1253 2937; x_wconf 86' lang='lat' dir='ltr'>exornata</span> <span class='ocrx_word' id='word_1_144' title='bbox 1276 2879 1412 2940; x_wconf 90' lang='lat' dir='ltr'>tradun-</span> 
     </span>
     <span class='ocr_line' id='line_1_23' title="bbox 229 2970 1416 3064; baseline 0.006 -21"><span class='ocrx_word' id='word_1_145' title='bbox 229 2990 281 3043; x_wconf 91' lang='lat' dir='ltr'>tur</span> <span class='ocrx_word' id='word_1_146' title='bbox 315 2970 414 3064; x_wconf 86' lang='lat' dir='ltr'>¹quam</span> <span class='ocrx_word' id='word_1_147' title='bbox 451 2983 602 3052; x_wconf 77' lang='lat' dir='ltr'>aPlinio,</span> <span class='ocrx_word' id='word_1_148' title='bbox 651 2983 726 3045; x_wconf 91' lang='lat' dir='ltr'>Non</span> <span class='ocrx_word' id='word_1_149' title='bbox 761 2984 889 3045; x_wconf 89' lang='lat' dir='ltr'>videtur</span> <span class='ocrx_word' id='word_1_150' title='bbox 922 2984 1136 3044; x_wconf 90' lang='lat' dir='ltr'>necessarium</span> <span class='ocrx_word' id='word_1_151' title='bbox 1171 3002 1284 3044; x_wconf 90' lang='lat' dir='ltr'>omnes</span> <span class='ocrx_word' id='word_1_152' title='bbox 1317 2984 1416 3049; x_wconf 92' lang='lat' dir='ltr'>locos</span> 
     </span>
     <span class='ocr_line' id='line_1_24' title="bbox 230 3076 1416 3171; baseline 0.006 -21"><span class='ocrx_word' id='word_1_153' title='bbox 230 3076 437 3171; x_wconf 87' lang='lat' dir='ltr'>componere.</span> <span class='ocrx_word' id='word_1_154' title='bbox 484 3083 597 3170; x_wconf 89' lang='lat' dir='ltr'>Itaque</span> <span class='ocrx_word' id='word_1_155' title='bbox 634 3110 692 3152; x_wconf 92' lang='lat' dir='ltr'>eos</span> <span class='ocrx_word' id='word_1_156' title='bbox 727 3099 851 3153; x_wconf 92' lang='lat' dir='ltr'>tantum</span> <span class='ocrx_word' id='word_1_157' title='bbox 887 3091 1058 3170; x_wconf 89' lang='lat' dir='ltr'>adponam,</span> <span class='ocrx_word' id='word_1_158' title='bbox 1094 3091 1124 3150; x_wconf 92' lang='lat' dir='ltr'>in</span> <span class='ocrx_word' id='word_1_159' title='bbox 1159 3089 1276 3169; x_wconf 90' lang='lat' dir='ltr'>quibus</span> <span class='ocrx_word' id='word_1_160' title='bbox 1311 3094 1416 3156; x_wconf 89' lang='lat' dir='ltr'>etiam</span> 
     </span>
     <span class='ocr_line' id='line_1_25' title="bbox 230 3177 1137 3278; baseline -0.001 -19"><span class='ocrx_word' id='word_1_161' title='bbox 230 3199 430 3260; x_wconf 90' lang='lat' dir='ltr'>Dioscoridis</span> <span class='ocrx_word' id='word_1_162' title='bbox 455 3199 596 3260; x_wconf 89' lang='lat' dir='ltr'>remedia</span> <span class='ocrx_word' id='word_1_163' title='bbox 620 3177 769 3260; x_wconf 87' lang='lat' dir='ltr'>breviora</span> <span class='ocrx_word' id='word_1_164' title='bbox 791 3206 865 3259; x_wconf 92' lang='lat' dir='ltr'>sunt</span> <span class='ocrx_word' id='word_1_165' title='bbox 888 3217 985 3278; x_wconf 92' lang='lat' dir='ltr'>quam</span> <span class='ocrx_word' id='word_1_166' title='bbox 1009 3196 1137 3277; x_wconf 88' lang='lat' dir='ltr'>Apulei.</span> 
     </span>
    </p>

    <p class='ocr_par' dir='ltr' id='par_1_10' title="bbox 230 3304 1417 3600">
     <span class='ocr_line' id='line_1_26' title="bbox 443 3304 1180 3409; baseline -0.004 -41"><span class='ocrx_word' id='word_1_167' title='bbox 443 3305 546 3386; x_wconf 91' lang='lat' dir='ltr'>Apul.</span> <span class='ocrx_word' id='word_1_168' title='bbox 812 3304 815 3409; x_wconf 65' lang='lat' dir='ltr'>l</span> <span class='ocrx_word' id='word_1_169' title='bbox 1101 3305 1180 3374; x_wconf 80' lang='lat' dir='ltr'>Plin,</span> 
     </span>
     <span class='ocr_line' id='line_1_27' title="bbox 297 3412 1417 3501; baseline 0.008 -29"><span class='ocrx_word' id='word_1_170' title='bbox 297 3417 323 3482; x_wconf 86' lang='grc' dir='ltr'>Ι,</span> <span class='ocrx_word' id='word_1_171' title='bbox 366 3429 411 3491; x_wconf 85' lang='lat'>13.</span> <span class='ocrx_word' id='word_1_172' title='bbox 447 3412 504 3474; x_wconf 91' lang='lat' dir='ltr'>Ad</span> <span class='ocrx_word' id='word_1_173' title='bbox 537 3434 649 3475; x_wconf 89' lang='lat' dir='ltr'>renum</span> <span class='ocrx_word' id='word_1_174' title='bbox 673 3414 763 3476; x_wconf 92' lang='lat' dir='ltr'>dolo·</span> <span class='ocrx_word' id='word_1_175' title='bbox 812 3414 815 3501; x_wconf 74' lang='lat' dir='ltr'>l</span> <span class='ocrx_word' id='word_1_176' title='bbox 941 3413 991 3490; x_wconf 89' lang='lat'>26,</span> <span class='ocrx_word' id='word_1_177' title='bbox 1025 3413 1076 3490; x_wconf 84' lang='lat'>38.</span> <span class='ocrx_word' id='word_1_178' title='bbox 1113 3412 1239 3474; x_wconf 90' lang='lat' dir='ltr'>renibus</span> <span class='ocrx_word' id='word_1_179' title='bbox 1272 3417 1417 3494; x_wconf 88' lang='lat' dir='ltr'>prodest</span> 
     </span>
     <span class='ocr_line' id='line_1_28' title="bbox 230 3520 1231 3600; baseline 0 -19"><span class='ocrx_word' id='word_1_180' title='bbox 230 3541 306 3588; x_wconf 83' lang='lat' dir='ltr'>rem,</span> <span class='ocrx_word' id='word_1_181' title='bbox 321 3520 442 3582; x_wconf 91' lang='lat' dir='ltr'>herbae</span> <span class='ocrx_word' id='word_1_182' title='bbox 454 3524 637 3584; x_wconf 87' lang='lat' dir='ltr'>vettonicae</span> <span class='ocrx_word' id='word_1_183' title='bbox 648 3520 763 3583; x_wconf 92' lang='lat' dir='ltr'>drach·</span> <span class='ocrx_word' id='word_1_184' title='bbox 873 3521 1098 3582; x_wconf 92' lang='lat' dir='ltr'>-vettonicae</span> <span class='ocrx_word' id='word_1_185' title='bbox 1122 3528 1231 3600; x_wconf 86' lang='lat' dir='ltr'>potae.</span> 
     </span>
    </p>
   </div>
   <div class='ocr_carea' id='block_1_7' title="bbox 230 3628 1419 3732">
    <p class='ocr_par' dir='ltr' id='par_1_11' title="bbox 230 3628 1419 3732">
     <span class='ocr_line' id='line_1_29' title="bbox 230 3628 1419 3732; baseline 0.005 -43"><span class='ocrx_word' id='word_1_186' title='bbox 230 3649 297 3689; x_wconf 94' lang='lat' dir='ltr'>mas</span> <span class='ocrx_word' id='word_1_187' title='bbox 321 3628 400 3690; x_wconf 92' lang='lat' dir='ltr'>duas</span> <span class='ocrx_word' id='word_1_188' title='bbox 424 3649 467 3690; x_wconf 86' lang='lat' dir='ltr'>ex</span> <span class='ocrx_word' id='word_1_189' title='bbox 491 3631 603 3706; x_wconf 89' lang='lat' dir='ltr'>muls0‚</span> <span class='ocrx_word' id='word_1_190' title='bbox 637 3628 763 3709; x_wconf 93' lang='lat' dir='ltr'>cyathis</span> <span class='ocrx_word' id='word_1_191' title='bbox 978 3646 1086 3708; x_wconf 53' lang='lat' dir='ltr'>Dioge,</span> <span class='ocrx_word' id='word_1_192' title='bbox 1111 3648 1168 3714; x_wconf 42' lang='lat' dir='ltr'>IV·</span> <span class='ocrx_word' id='word_1_193' title='bbox 1199 3662 1210 3706; x_wconf 93' lang='lat'>1</span> <span class='ocrx_word' id='word_1_194' title='bbox 1254 3661 1419 3732; x_wconf 61' lang='lat' dir='ltr'>mppm.</span> 
     </span>
    </p>
   </div>
   <div class='ocr_carea' id='block_1_8' title="bbox 230 3733 1419 3920">
    <p class='ocr_par' dir='ltr' id='par_1_12' title="bbox 230 3733 1419 3920">
     <span class='ocr_line' id='line_1_30' title="bbox 231 3733 1351 3830; baseline 0.008 -34"><span class='ocrx_word' id='word_1_195' title='bbox 231 3736 358 3797; x_wconf 91' lang='lat' dir='ltr'>duobus</span> <span class='ocrx_word' id='word_1_196' title='bbox 397 3756 470 3798; x_wconf 93' lang='lat' dir='ltr'>cum</span> <span class='ocrx_word' id='word_1_197' title='bbox 506 3736 631 3813; x_wconf 88' lang='lat' dir='ltr'>biberit,</span> <span class='ocrx_word' id='word_1_198' title='bbox 669 3755 763 3797; x_wconf 89' lang='lat' dir='ltr'>sanus</span> <span class='ocrx_word' id='word_1_199' title='bbox 872 3745 943 3817; x_wconf 75' lang='grc' dir='ltr'><strong><em>κοῖς</em></strong></span> <span class='ocrx_word' id='word_1_200' title='bbox 971 3739 1108 3810; x_wconf 68' lang='grc' dir='ltr'><em>δίδοται</em></span> <span class='ocrx_word' id='word_1_201' title='bbox 1134 3767 1181 3830; x_wconf 78' lang='grc' dir='ltr'>με</span> <span class='ocrx_word' id='word_1_202' title='bbox 1208 3733 1351 3823; x_wconf 75' lang='grc' dir='ltr'><em>ὕδατος,</em></span> 
     </span>
     <span class='ocr_line' id='line_1_31' title="bbox 230 3842 1419 3920; baseline 0.005 -16"><span class='ocrx_word' id='word_1_203' title='bbox 230 3845 298 3906; x_wconf 89' lang='lat' dir='ltr'>erit.</span> <span class='ocrx_word' id='word_1_204' title='bbox 942 3842 992 3918; x_wconf 90' lang='lat'>26,</span> <span class='ocrx_word' id='word_1_205' title='bbox 1042 3843 1092 3920; x_wconf 88' lang='lat'>78.</span> <span class='ocrx_word' id='word_1_206' title='bbox 1143 3844 1270 3904; x_wconf 90' lang='lat' dir='ltr'>vesicae</span> <span class='ocrx_word' id='word_1_207' title='bbox 1318 3850 1419 3913; x_wconf 88' lang='lat' dir='ltr'>malis</span> 
     </span>
    </p>
   </div>
   <div class='ocr_carea' id='block_1_9' title="bbox 230 3950 1418 4351">
    <p class='ocr_par' dir='ltr' id='par_1_13' title="bbox 230 3950 1418 4351">
     <span class='ocr_line' id='line_1_32' title="bbox 297 3950 1418 4030; baseline 0.009 -18"><span class='ocrx_word' id='word_1_208' title='bbox 297 3951 379 4019; x_wconf 82' lang='lat' dir='ltr'>Ibid.</span> <span class='ocrx_word' id='word_1_209' title='bbox 405 3966 422 4011; x_wconf 89' lang='lat'>2</span> <span class='ocrx_word' id='word_1_210' title='bbox 429 3968 455 4029; x_wconf 79' lang='lat'>3,</span> <span class='ocrx_word' id='word_1_211' title='bbox 481 3951 537 4013; x_wconf 88' lang='lat' dir='ltr'>Ad</span> <span class='ocrx_word' id='word_1_212' title='bbox 561 3952 689 4012; x_wconf 90' lang='lat' dir='ltr'>vesicae</span> <span class='ocrx_word' id='word_1_213' title='bbox 707 3950 765 4011; x_wconf 92' lang='lat' dir='ltr'>do·</span> <span class='ocrx_word' id='word_1_214' title='bbox 873 3959 1050 4030; x_wconf 86' lang='lat' dir='ltr'>contraque</span> <span class='ocrx_word' id='word_1_215' title='bbox 1068 3950 1350 4016; x_wconf 88' lang='lat' dir='ltr'>calculos-auxilio</span> <span class='ocrx_word' id='word_1_216' title='bbox 1365 3968 1418 4021; x_wconf 94' lang='lat' dir='ltr'>est</span> 
     </span>
     <span class='ocr_line' id='line_1_33' title="bbox 230 4057 1046 4126; baseline 0.001 -8"><span class='ocrx_word' id='word_1_217' title='bbox 230 4057 340 4120; x_wconf 91' lang='lat' dir='ltr'>lorem.</span> <span class='ocrx_word' id='word_1_218' title='bbox 401 4057 521 4120; x_wconf 91' lang='lat' dir='ltr'>herbae</span> <span class='ocrx_word' id='word_1_219' title='bbox 583 4057 765 4118; x_wconf 89' lang='lat' dir='ltr'>vettonicae</span> <span class='ocrx_word' id='word_1_220' title='bbox 874 4059 1046 4126; x_wconf 78' lang='lat' dir='ltr'>vettonica.</span> 
     </span>
     <span class='ocr_line' id='line_1_34' title="bbox 230 4155 1415 4245; baseline 0.003 -20"><span class='ocrx_word' id='word_1_221' title='bbox 230 4164 400 4227; x_wconf 90' lang='lat' dir='ltr'>drachmas</span> <span class='ocrx_word' id='word_1_222' title='bbox 423 4173 585 4244; x_wconf 80' lang='lat' dir='ltr'>quattuor,</span> <span class='ocrx_word' id='word_1_223' title='bbox 615 4166 693 4245; x_wconf 93' lang='lat' dir='ltr'>appi</span> <span class='ocrx_word' id='word_1_224' title='bbox 717 4183 765 4224; x_wconf 91' lang='lat' dir='ltr'>ra·</span> <span class='ocrx_word' id='word_1_225' title='bbox 980 4165 1088 4227; x_wconf 93' lang='lat' dir='ltr'>Diosc.</span> <span class='ocrx_word' id='word_1_226' title='bbox 1111 4167 1168 4233; x_wconf 91' lang='lat' dir='ltr'>IV.</span> <span class='ocrx_word' id='word_1_227' title='bbox 1209 4182 1220 4226; x_wconf 93' lang='lat'>1</span> <span class='ocrx_word' id='word_1_228' title='bbox 1267 4155 1415 4232; x_wconf 77' lang='grc' dir='ltr'><em>δίδοται</em></span> 
     </span>
     <span class='ocr_line' id='line_1_35' title="bbox 230 4253 1279 4351; baseline -0.003 -19"><span class='ocrx_word' id='word_1_229' title='bbox 230 4273 318 4334; x_wconf 92' lang='lat' dir='ltr'>dices</span> <span class='ocrx_word' id='word_1_230' title='bbox 339 4270 509 4333; x_wconf 88' lang='lat' dir='ltr'>drachmas</span> <span class='ocrx_word' id='word_1_231' title='bbox 525 4280 590 4333; x_wconf 88' lang='lat' dir='ltr'>tres</span> <span class='ocrx_word' id='word_1_232' title='bbox 607 4273 764 4351; x_wconf 88' lang='lat' dir='ltr'>decoque.</span> <span class='ocrx_word' id='word_1_233' title='bbox 874 4259 932 4329; x_wconf 85' lang='grc' dir='ltr'>καὶ</span> <span class='ocrx_word' id='word_1_234' title='bbox 960 4255 1079 4329; x_wconf 71' lang='grc' dir='ltr'><em>κύστιν</em></span> <span class='ocrx_word' id='word_1_235' title='bbox 1107 4253 1279 4349; x_wconf 75' lang='grc' dir='ltr'><strong><em>ἅλγοῦσιν.</em></strong></span> 
     </span>
    </p>
   </div>
   <div class='ocr_carea' id='block_1_10' title="bbox 0 0 1466 4732">
    <p class='ocr_par' dir='ltr' id='par_1_14' title="bbox 0 0 1466 4732">
     <span class='ocr_line' id='line_1_36' title="bbox 0 0 1466 4732; baseline 0 0"><span class='ocrx_word' id='word_1_236' title='bbox 0 0 1466 4732; x_wconf 95' lang='lat' dir='ltr'> </span> 
     </span>
    </p>
   </div>
  </div>
 </body>
</html>
