2924 4732
624 365 666 372 --
707 254 765 330 37

249 488 343 550 Haec
377 507 509 569 quoque
546 509 620 569 pars
642 490 841 552 Dioscoridis
877 489 984 568 spuria
1010 496 1068 550 est.
1110 486 1192 550 Cum
1223 486 1316 568 Apu-

143 595 221 657 leius
247 604 281 657 et
304 595 655 658 Pseudo-Dioscorides
685 605 717 658 et
741 599 771 658 in
796 597 943 659 remediis
968 604 1000 657 et
1023 597 1212 676 synonymis
1236 597 1318 656 inter

142 723 176 765 se
201 704 412 780 consentiant,
437 705 584 765 conicere
610 704 684 766 licet
708 706 738 765 in
764 705 861 788 sonte,
886 724 929 764 ex
953 724 1018 783 quo
1043 711 1179 783 uterque
1203 700 1316 778 hausit,

143 818 175 871 et
199 808 253 871 illa
275 830 457 890 synonyma
480 819 513 872 et
537 812 678 873 remedia
700 813 822 893 scripta
845 811 951 872 fuisse.

250 921 344 979 Ibid.
372 930 401 995 7.
426 925 459 979 et
493 918 602 986 Diosc.
641 920 744 987 lll.6
780 939 878 999 supra
912 938 987 999 pag.
1028 918 1063 978 18
1100 917 1317 993 tractavimus,

142 1022 196 1084 ubi
213 1025 351 1086 vidimus
367 1044 438 1086 eam
455 1033 589 1105 partem,
606 1027 647 1087 de
661 1047 724 1106 qua
741 1029 854 1107 agitur,
878 1028 1020 1106 spuriam
1033 1045 1112 1087 esse.
1151 1025 1233 1086 Fere
1249 1045 1316 1086 om-

143 1151 199 1192 nes
223 1132 321 1212 igitur
343 1140 461 1212 parteS,
485 1133 516 1193 in
540 1133 656 1213 quibus
680 1135 887 1195 Dioscorides
920 1153 993 1195 cum
1018 1132 1160 1213 Apuleio
1185 1152 1317 1194 consen-

143 1240 190 1323 tit,
216 1240 341 1320 spurias
364 1259 434 1301 esse
458 1241 603 1302 vidimus.
642 1241 684 1303 Et
709 1262 755 1318 ea,
779 1262 863 1321 quae
884 1243 1011 1321 utrique
1034 1242 1214 1302 communia
1237 1249 1318 1317 sunt,

142 1367 250 1427 neque
274 1346 450 1427 Apuleium
482 1368 525 1409 ex
556 1348 787 1429 interpolatore
811 1349 1008 1410 Dioscoridis
1036 1368 1141 1428 neque
1166 1347 1250 1409 huuc
1275 1368 1318 1409 ex

141 1454 196 1517 illo
230 1453 370 1516 hausisse
401 1456 707 1533 demonstravimus,
743 1458 799 1518 nisi
832 1457 914 1517 forte
939 1458 1009 1536 quis
1033 1457 1190 1537 opinatur,
1226 1455 1318 1536 Apu·

141 1562 240 1629 leium
264 1561 331 1623 illas
362 1564 446 1643 ipsas
480 1565 603 1644 spurias
636 1573 743 1643 partes
774 1565 1025 1646 transcripsisse,
1060 1564 1093 1625 id
1118 1564 1207 1643 quod
1231 1561 1318 1623 haud

140 1669 314 1731 verisimile
339 1679 397 1739 est,
444 1669 525 1733 Sunt
557 1673 641 1732 enim
674 1671 735 1741 alia
762 1671 862 1733 verba
894 1671 1023 1733 subdita
1046 1673 1133 1752 apud
1158 1672 1318 1732 Dioscori-

140 1780 220 1841 dem
257 1778 389 1858 scripta,
425 1798 510 1859 quae
545 1776 704 1860 Apuleius
739 1800 803 1841 non
839 1781 979 1841 imitatus
1014 1787 1061 1841 est
1095 1798 1200 1859 neque
1235 1787 1319 1839 tran-

139 1885 277 1965 scripsit.

412 1996 456 2061 ΙΙ.
481 1993 647 2071 Remedia,
683 2015 765 2074 quae
798 1993 839 2056 ab
868 1994 1010 2075 Apuleio
1046 1995 1147 2074 magis
1184 1992 1319 2075 amplifi·

307 2107 379 2163 cata
403 2102 570 2162 traduntur
594 2121 691 2182 quam
714 2123 733 2163 a
756 2103 960 2170 Dioscoride.

253 2207 383 2269 Praeter
407 2227 464 2284 ea,
500 2227 585 2288 quae
608 2229 720 2289 supra,
758 2229 831 2270 cum
855 2212 897 2272 de
920 2209 1021 2271 Plinio
1046 2208 1212 2289 agebatur,
1244 2229 1319 2270 con·

142 2316 266 2395 scripta
287 2322 369 2392 sunt,
392 2314 474 2376 haec
498 2325 678 2377 memoratu
701 2318 799 2399 digna
823 2318 986 2379 videntur:

357 2421 458 2504 Apul.
727 2425 730 2539 Ι
998 2426 1107 2487 Diosc.

212 2551 238 2617 Ι,
265 2564 317 2627 23.
353 2547 412 2610 Ad
436 2550 563 2610 vesicae
587 2549 678 2610 dolo·
727 2542 730 2634 l
854 2553 915 2618 ΠΙ,
945 2550 997 2629 67,
1032 2534 1074 2607 τὸ
1107 2539 1242 2607 σι’λινον
1273 2565 1319 2606 κι-

143 2676 221 2719 rem.
239 2655 359 2718 herbae
371 2631 554 2717 vettonicae
565 2656 678 2717 drach·
727 2642 730 2741 l
787 2650 842 2714 νεῖ
859 2635 946 2739 οὖροι
966 2641 1121 2736 ἑφθόντε
1140 2646 1198 2714 καὶ
1225 2639 1321 2733 ὠμὸν

143 2784 213 2826 mas
246 2771 415 2844 quattuor,
450 2764 528 2843 appi
556 2765 678 2825 radices
728 2746 730 2859 l
788 2748 1009 2841 ἐσθιόμενον.
1028 2802 1081 2808 -—
1100 2748 1199 2822 τὸδὲ
1221 2754 1319 2845 σιτέο-

143 2870 315 2934 drachmas
327 2879 392 2931 tres
404 2871 562 2950 decoque,
587 2870 678 2952 Appi
728 2866 730 2925 ἑ
787 2886 840 2949 pn
872 2859 967 2928 ἐστὶν
995 2853 1275 2954 οὐρητικώτερον.

144 2979 268 3040 radices
299 2979 330 3038 in
361 2979 503 3038 sextario
537 2979 578 3038 ad
614 2999 679 3039 me·
842 2982 898 3047 lV.
929 2966 1194 3058 1.di'docai(scil‚
1224 2959 1320 3035 οὐετ-

145 3089 214 3150 dias
252 3105 324 3148 cum
359 3086 516 3147 decoctae
556 3085 679 3162 fuerint,
728 3092 730 3177 j
787 3066 922 3170 τονικὴ)
957 3117 1001 3128 -
1031 3074 1089 3143 καὶ
1116 3070 1237 3143 κύστιν
1265 3067 1321 3142 ἆλ-

145 3195 342 3256 vettonicam
376 3194 478 3273 ipsam
509 3195 679 3273 permisce·
728 3188 731 3309 l
787 3190 915 3270 γοῦσιν.

144 3301 194 3364 bis
219 3309 252 3362 et
276 3300 367 3363 dabis
390 3299 519 3362 bibere:
553 3301 583 3360 in
607 3321 678 3380 per·
729 3316 731 3419 y

145 3417 281 3490 petuum
310 3415 412 3473 sanat.
729 3422 731 3485 ι

213 3519 259 3584 ΙΙ.
300 3515 348 3584 18,
396 3512 431 3576 Si
466 3513 554 3574 ulcus
589 3533 679 3574 secus
841 3519 986 3593 H„152.
1031 3501 1203 3590 ‹n'yllona
1260 3499 1321 3571 σὺν

146 3623 277 3688 oculum
302 3631 356 3684 aut
388 3642 480 3684 secus
510 3641 602 3682 nares
626 3642 679 3681 na·
729 3586 731 3693 l
790 3604 888 3680 ἁλσὶν
918 3604 1202 3698 &naumachiam
1235 3603 1321 3699 ὠφε-

144 3744 215 3796 tum
252 3731 353 3792 fucrit.
400 3728 521 3790 herbae
557 3728 680 3808 planta·
788 3723 848 3787 λεῖ.

146 3841 227 3922 ginis
250 3846 406 3900 contusae
429 3857 506 3897 suco
525 3854 679 3915 expresso
729 3826 731 3903 ξ

146 3948 253 4010 lanam
291 3944 422 4006 mollem
466 3942 680 4004 madefactam

146 4056 288 4134 inponat,
312 4072 372 4133 per
386 4052 454 4113 dies
474 4070 606 4112 novem:
631 4070 680 4111 sa·
729 4086 731 4145 4

146 4181 206 4223 nus
230 4160 295 4228 fiet.
729 4156 731 4209 l

216 4271 292 4339 VH,
318 4282 347 4331 2.
372 4265 428 4330 Ad
449 4267 597 4328 duritiam
620 4266 680 4325 uri·
729 4216 732 4347 l
842 4269 867 4333 Ι,
895 4280 924 4330 2.
950 4247 1139 4341 πινόμενον
1171 4251 1208 4319 δὲ
1238 4244 1320 4342 ἀφέ-
