2924 4732
519 909 921 1047 Epilogus.

617 1164 828 1178 NNJWVVNVJJ-

250 1329 344 1410 Quae
379 1331 420 1391 de
454 1331 601 1390 codicum
632 1331 754 1392 ratione
778 1338 810 1392 et
834 1330 877 1391 de
900 1328 1095 1391 editionibus
1119 1327 1295 1409 disputanda

138 1448 219 1515 sunt,
255 1441 285 1499 in
316 1438 465 1521 editione,
499 1458 596 1516 quam
627 1447 795 1518 paraturus
827 1456 907 1514 sum,
938 1435 1106 1497 codicibus
1132 1433 1297 1497 Cassinensi

139 1556 170 1608 ct
184 1547 324 1607 Parisino
337 1545 360 1624 *)
385 1552 418 1605 ct
434 1545 574 1605 Taurino
599 1545 884 1624 (Membranaceus
908 1544 1026 1605 saeculi
1051 1542 1138 1610 XIII.
1165 1550 1298 1604 constans

139 1653 220 1715 soliis
253 1667 302 1729 32.
337 1651 409 1719 Fol,
435 1667 463 1729 3.
496 1672 568 1733 pag.
595 1667 624 1720 2,
662 1651 792 1733 Apuleii
821 1652 961 1713 Platonis
990 1650 1089 1712 Liber
1112 1648 1299 1711 herbanicus.
1337 1662 1341 1667 '

141 1759 242 1822 Catai.
267 1759 361 1820 Tom.
386 1758 424 1827 II,
449 1780 480 1839 p.
511 1762 581 1834 100)
606 1759 750 1835 conlatis,
785 1780 869 1840 quae
897 1761 938 1821 de
969 1778 1026 1820 usu
1056 1759 1227 1834 sermonIs‚
1250 1754 1301 1816 aiio

139 1867 211 1928 Ioco
236 1886 408 1947 exponam.
445 1866 518 1928 Hoc
542 1866 614 1928 loco
638 1866 713 1927 nihil
737 1868 794 1928 nisi
817 1876 954 1929 stemma
978 1867 1137 1942 codicum,
1163 1884 1245 1946 quos
1267 1865 1303 1924 in·

134 1976 240 2062 spem,
265 1973 444 2042 delineabo.

614 2081 730 2144 Codex
764 2125 785 2164 0
820 2081 1030 2162 Archetypus

761 2757 776 2786 ⁰
872 2741 904 2803 X
928 2742 1011 2820 (cum
1034 2732 1237 2821 synonymis)

542 3531 562 3570 0

465 3570 547 3851 s
576 3600 795 3660 additamenta
943 3566 976 3644 Ο
998 3562 1027 3622 L

433 3843 511 3958 Ov

249 4093 275 4159 ²1‘)
296 4093 359 4147 Non
380 4092 449 4143 mihi
467 4090 598 4160 contigit,
616 4095 648 4142 ut
662 4089 770 4142 adirem
784 4087 1011 4141 PetriDrouerti
1028 4087 1184 4141 editionem
1205 4053 1323 4157 Apulei,

148 4200 220 4251 quae
242 4181 360 4235 Parisiis
381 4180 449 4234 1543
469 4180 572 4233 emissa
592 4184 644 4231 est.
675 4177 807 4246 Meyerus
827 4177 844 4229 I.
865 4194 888 4230 c.
909 4194 975 4246 pag.
995 4175 1048 4228 320
1067 4176 1146 4242 dicit,
1175 4183 1324 4232 auctorem

154 4272 299 4338 editionis,
329 4288 412 4342 quam
442 4288 477 4323 ne
505 4271 566 4340 ipse
587 4267 700 4338 quidem
720 4265 756 4319 M.
776 4267 858 4335 vidit,
886 4266 989 4319 librum
1009 4283 1041 4319 ex
1062 4265 1210 4321 codicibus
1231 4273 1325 4322 vetus·
