2978 4740
725 227 769 301 13

161 461 195 522 In
213 460 331 521 codicis
347 459 382 520 M
400 460 558 540 capitibus
574 462 728 536 LXXVI,
744 461 935 537 LXXVIII,
951 461 1108 536 LXXIX,
1121 461 1334 530 LXXXVIII

160 588 341 650 synonyma
364 588 427 629 non
452 567 608 647 leguntur.
645 567 680 628 In
705 587 776 647 cap,
800 570 925 636 XCVII
948 587 987 628 ne
1011 567 1088 629 illud
1112 568 1243 648 quidem
1270 570 1333 629 «in-

161 677 236 756 cipit
260 695 377 736 nomen
401 673 521 736 herbae
545 675 649 754 pulei»
685 676 838 755 scriptum
862 684 926 752 est,
955 676 1013 737 sed
1037 675 1154 756 legitur
1180 677 1333 743 «CCVIII

161 792 258 862 caput
282 803 321 844 ne
345 782 386 843 ab
410 791 500 843 aestu
525 783 757 846 concalescat.»
808 782 929 844 Contra
952 784 1066 844 mirum
1090 791 1155 859 est,
1190 783 1280 862 quod
1303 784 1334 843 in

160 892 265 969 capite
301 891 424 958 CXXV
459 891 574 952 eadem
609 890 731 952 herbae
768 892 940 969 descriptio
975 891 1149 960 invenitur,
1186 910 1269 969 quae
1302 891 1333 951 ln

159 998 300 1059 editione
333 997 465 1078 vulgata
501 998 626 1078 legitur,
673 998 747 1060 Hoc
784 1007 871 1059 certe
904 1006 1040 1078 apparet
1071 998 1102 1058 in
1133 998 1246 1059 codice
1278 995 1332 1073 M„

158 1125 340 1184 synonyma
362 1107 481 1185 scrIpta
504 1126 569 1167 non
586 1105 687 1169 fuisse.
723 1106 830 1167 Etiam
854 1125 1045 1186 synonyma,
1070 1124 1153 1185 quae
1172 1105 1202 1165 in
1220 1105 1332 1166 codice

159 1213 197 1280 L,
222 1220 360 1290 exstant,
385 1234 403 1275 a
426 1215 605 1292 posteriore
637 1212 869 1294 interpolatore
903 1214 1029 1275 adiecta
1060 1232 1128 1274 esse
1157 1232 1263 1274 exeo
1288 1213 1332 1273 in·

158 1319 330 1402 tellegitur‚
355 1323 444 1401 quod
479 1342 522 1382 ex
554 1323 623 1401 ipso
654 1341 803 1383 sermone
830 1319 955 1383 Graeco
979 1321 1170 1400 transcripta
1192 1327 1273 1396 sunt,
1297 1329 1333 1381 ut

157 1447 255 1507 supra
290 1428 586 1497 demonstravimus.
634 1428 669 1492 Si
704 1429 824 1509 prImus
859 1437 972 1490 auctor
1005 1427 1103 1490 libelli
1130 1426 1212 1488 haec
1234 1447 1330 1507 syno-

157 1555 255 1620 nyma
279 1536 465 1614 addidisset,
489 1545 577 1599 certe
601 1557 733 1598 munere
756 1558 814 1599 suo
840 1536 952 1599 melius
977 1536 1102 1598 functus
1127 1542 1221 1599 esset.
1253 1531 1331 1596 Sca·

156 1651 226 1703 tent
249 1644 332 1703 enim
357 1644 524 1713 erroribus.
572 1644 727 1722 Accedit,
763 1646 853 1726 quod
877 1644 991 1722 multa,
1024 1664 1108 1725 quae
1133 1645 1164 1705 in
1187 1661 1329 1723 synony-

157 1750 215 1810 mis
239 1748 396 1830 leguntur,
428 1749 504 1812 mihi
528 1753 659 1832 quidem
682 1753 856 1830 adiectiva,
888 1773 951 1813 non
975 1753 1103 1813 nomina
1128 1771 1197 1814 esse
1221 1751 1330 1812 viden-

156 1866 216 1921 tur.
264 1858 365 1920 Velut
387 1879 458 1939 cap,
483 1861 544 1927 IX.
570 1860 651 1921 inter
673 1858 794 1921 herbae
826 1858 982 1921 batrachii
1005 1879 1188 1940 synonyma
1211 1859 1329 1920 inveni-

155 1974 208 2027 tur
234 1965 397 2028 «staltice»
424 1976 457 2028 et
484 1968 674 2043 «caustice»‚
707 1987 791 2048 quae
815 1988 913 2029 voces
937 1968 1004 2029 sine
1029 1967 1127 2029 dubio
1151 1968 1234 2029 vires
1259 1964 1331 2027 her·

155 2072 234 2148 bae,
258 2094 321 2134 non
345 2076 473 2136 nomina
508 2073 696 2155 significant.
744 2075 906 2156 Exempla
935 2076 1090 2137 eiusmodi
1113 2073 1214 2136 multa
1237 2074 1329 2136 nobis

156 2189 338 2243 occurrunt.
384 2180 452 2245 Sed
483 2203 547 2244 non
579 2184 677 2244 modo
710 2183 761 2244 illa
785 2204 975 2263 synonyma,
999 2184 1057 2245 sed
1081 2184 1178 2244 etiam
1200 2183 1330 2244 nomina

155 2289 286 2369 singulis
309 2291 467 2371 capitibus
490 2290 636 2371 praefixa
660 2291 702 2353 ab
726 2291 956 2371 interpolatore
992 2293 1118 2353 adiecta
1142 2309 1212 2352 esse
1236 2298 1327 2371 puto,

155 2397 363 2460 In'omnIbus
388 2400 519 2478 quidem
543 2399 707 2460 codicibus
731 2399 888 2479 leguntur,
913 2400 971 2460 sed
995 2400 1083 2461 varia
1106 2400 1230 2461 ratione
1254 2400 1328 2461 scri-

155 2505 283 2573 buntur,
329 2503 477 2586 Scriptor
500 2507 620 2567 codicis
643 2506 678 2568 M
702 2508 746 2568 ita
769 2507 908 2569 scribere
931 2495 1027 2569 solet:
1055 2507 1188 2587 «Incipit
1211 2526 1328 2568 nomen

155 2610 276 2673 herbae
300 2613 339 2676 N.
363 2614 425 2674 N.»
473 2613 508 2674 In
543 2614 706 2675 codicibus
740 2614 768 2675 L
800 2623 834 2675 et
857 2614 889 2676 V
921 2616 1162 2695 praescribitur:
1199 2614 1330 2676 «Herba

154 2723 192 2784 N.
218 2721 279 2784 N.»
328 2720 362 2781 In
387 2722 462 2789 cod.
489 2719 514 2783 C
538 2722 699 2784 scribitur:
728 2722 874 2783 «Nomen
900 2721 1019 2784 herbae
1043 2723 1083 2784 N.
1109 2724 1171 2784 N.»
1216 2721 1252 2783 In
1275 2742 1329 2783 co-

160 2830 232 2891 dice
255 2827 290 2889 M
314 2848 464 2890 numeros
488 2849 619 2908 quoque
643 2829 739 2889 alium
771 2830 915 2891 ordinem
943 2831 1035 2910 sequi
1058 2850 1156 2910 supra
1179 2831 1329 2899 diximus

154 2936 271 2998 Nonne
294 2936 351 2998 tibi
375 2937 488 2997 mirum
512 2937 654 3013 videtur,
687 2939 777 3016 quod
801 2938 931 2999 codices
964 2938 995 2997 in
1019 2935 1080 2998 hac
1103 2931 1170 2998 tam
1193 2937 1329 3017 simplici

154 3066 188 3106 re
212 3065 276 3106 non
300 3046 381 3106 inter
411 3063 446 3104 se
480 3047 692 3107 conveniunt?
738 3043 879 3106 Accedit
907 3044 1010 3121 aliud,
1042 3065 1099 3114 cur
1122 3043 1175 3106 illa
1199 3046 1328 3106 nomina

153 3151 300 3233 praefixa
323 3151 452 3214 subdita
476 3172 545 3214 esse
569 3154 748 3222 existimen,
795 3152 863 3214 Iam
887 3153 976 3234 legas
1000 3152 1105 3220 velim,
1149 3152 1184 3214 In
1208 3154 1337 3214 codicis,

153 3262 192 3329 L.
219 3259 296 3341 Cap.
322 3262 365 3328 ΙΙ.
391 3260 541 3341 legimus:
572 3261 703 3323 «Herba
719 3268 945 3338 Arnoglossa
965 3262 1006 3322 ad
1030 3261 1143 3341 capitis
1167 3260 1325 3328 dolorem¹

153 3367 274 3430 herbae
310 3375 531 3446 plantaginis
563 3377 624 3431 etc.
660 3370 705 3430 sic
740 3371 770 3430 in
802 3370 931 3450 reliquis
964 3371 1119 3432 remediis.
1169 3367 1248 3449 Cap.
1274 3371 1326 3436 III

153 3475 265 3538 Herba
300 3479 627 3553 «pentaphyllon»,
660 3476 690 3537 in
729 3476 860 3557 singulis
899 3478 1047 3538 remediis
1082 3483 1326 3555 «quinquefo-

156 3590 279 3651 lium.»
330 3581 449 3644 Contra
471 3582 587 3645 Codex
609 3583 644 3644 M
667 3583 818 3663 praebet:
846 3584 979 3665 «Incipit
1002 3583 1104 3646 herba
1130 3591 1327 3662 «quinque-

153 3696 302 3753 folium»
330 3690 410 3771 Cap.
435 3694 492 3759 IV.
521 3697 820 3769 «Hierabotane»,
844 3693 874 3752 in
892 3694 1039 3754 remediis
1067 3699 1326 3758 «verbenaca».

154 3796 233 3878 Cap.
260 3801 298 3866 V.
327 3804 632 3876 «Hyoscyamos»‚
656 3799 686 3860 in
711 3801 860 3862 remediis
886 3805 1205 3878 «symphoniaca».
1249 3798 1327 3881 Cap.

154 3907 218 3974 VII
246 3911 458 3983 «Acorum»,
484 3907 515 3966 in
546 3907 694 3968 remediis
728 3911 864 3970 «herba
888 3924 1079 3975 venerea»,
1128 3905 1207 3987 Cap.
1233 3910 1325 3975 VIII.

156 4018 510 4090 «Leontopodium»,
547 4015 577 4074 in
612 4015 760 4076 remediis
799 4021 924 4092 «pedis
960 4022 1113 4078 leonis».
1163 4014 1239 4096 Cap.
1264 4018 1325 4083 IX.

156 4125 429 4197 «Batrachion»,
460 4122 491 4181 in
523 4123 670 4183 remediis
703 4126 839 4185 «herba
870 4129 1080 4192 scelerata».
1128 4121 1208 4204 Cap.
1233 4125 1325 4192 XVI.

156 4233 377 4304 «Satyrion».
402 4228 433 4288 in
457 4229 605 4290 remediis
631 4236 887 4307 «priapiscus».
933 4230 1014 4291 Item
1038 4232 1068 4291 in
1104 4251 1175 4311 cap.
1202 4233 1326 4306 XVIII,
