2924 4732
537 260 672 376 *39

164 493 274 555 Locos
297 491 417 574 Apulei
448 493 584 555 collatos
616 515 680 555 non
711 514 755 554 ex
777 493 969 556 Dioscoride
996 491 1129 555 haustos
1154 513 1232 571 esse,

55 602 127 663 luce
152 599 267 663 clarius
291 608 348 663 est.

163 707 210 771 Ut
232 728 388 770 summam
413 728 535 785 eorum,
571 729 655 788 quae
688 710 729 770 de
762 708 901 770 lontibus
932 709 1009 785 dixi,
1033 728 1231 788 proponam:

54 816 137 878 haec
162 817 398 877 demonstrasse
422 812 498 876 mihi
522 817 645 883 videor,

121 973 125 977 .
170 923 197 1002 1)
222 923 338 1003 Neque
355 922 470 984 Plinius
495 943 600 1002 neque
616 923 826 984 Dioscorides
842 922 893 983 vel
910 923 1122 1004 interpolator
1138 924 1232 986 Dios·

54 1030 173 1092 coridis
198 1039 311 1091 auctor
334 1039 391 1106 est,
416 1050 513 1110 quem
538 1029 839 1111 Pseudo-Apuleius
862 1039 991 1091 secutus
1014 1039 1072 1094 est.
1201 1102 1208 1113 „

167 1138 198 1216 2)
222 1137 421 1199 Dioscoridis
443 1137 655 1218 interpolator
671 1159 733 1199 non
754 1157 798 1198 ex
815 1136 964 1199 herbario
981 1137 1101 1219 Apulei
1118 1136 1232 1208 hausit,

168 1245 198 1324 3)
223 1241 413 1321 Similitudo,
437 1265 520 1324 qnae
544 1244 700 1306 nonnullis
724 1244 803 1305 locis
827 1246 908 1306 inter
930 1244 1064 1306 Plinium
1087 1253 1120 1306 et
1136 1244 1229 1326 Apu-

54 1351 155 1412 leium
179 1351 362 1428 intercedit,
394 1353 425 1412 in
457 1371 497 1413 eo
522 1353 626 1432 posita
649 1360 711 1427 est,
747 1353 837 1433 quod
860 1361 997 1433 uterque
1021 1360 1134 1413 auctor
1157 1373 1233 1414 eun-

54 1460 134 1521 dem
157 1458 346 1538 scriptorem
369 1459 501 1520 latinum
525 1459 700 1540 excerpsit

166 1567 199 1646 4)
225 1564 371 1646 Scriptor
395 1566 523 1643 latinus,
556 1587 652 1646 quem
677 1566 792 1628 Plinius
826 1576 858 1628 et
881 1567 1039 1648 Apuleius
1063 1587 1233 1647 excerpse-

56 1681 142 1748 runt,
166 1672 306 1734 sontibus
332 1671 462 1734 Graecis
489 1693 563 1734 usus
588 1682 646 1734 est.
704 1673 705 1677 ’

171 1781 199 1861 5)
224 1779 309 1841 Inter
333 1801 389 1842 eos
413 1780 516 1842 sontes
534 1779 686 1858 Graecos
711 1802 793 1861 quos
816 1781 905 1843 Plinii
930 1791 963 1843 et
979 1781 1099 1862 Apulei
1123 1790 1235 1843 auctor

56 1888 173 1949 latinus
197 1896 325 1949 secutus
351 1895 409 1964 est,
434 1885 605 1949 Cratevam
631 1888 726 1949 suisse
750 1888 918 1950 verisimile
943 1897 999 1952 est.

168 1994 200 2074 6)
224 1993 368 2056 Maxima
391 1994 581 2071 similitud0‚
613 2016 697 2075 quae
729 1997 809 2057 inter
838 1996 1061 2057 Dioscoridem
1085 2004 1117 2057 et
1140 1995 1233 2076 Apu·

56 2102 156 2164 leium
180 2103 378 2164 intercedere
402 2104 536 2180 videtur,
560 2112 707 2164 nontam
730 2105 772 2165 ad
790 2104 1013 2165 Dioscoridem
1034 2104 1139 2183 ipsum
1163 2123 1234 2184 per·

57 2211 140 2270 tinet
164 2230 260 2290 quam
285 2212 326 2271 ad
350 2211 614 2291 interpolatorem
638 2213 713 2276 eius

170 2318 200 2398 7)
225 2317 440 2399 Interpolator
474 2319 671 2380 Dioscoridis
706 2328 739 2380 et
774 2319 932 2400 Apuleius
968 2339 1012 2380 ex
1046 2339 1110 2380 uno
1146 2318 1233 2380 sonte

59 2424 242 2502 hauserunt,
265 2427 296 2486 in
320 2447 385 2506 quo
409 2448 473 2489 non
498 2429 599 2488 modo
621 2429 772 2503 remedia,
796 2448 880 2508 quae
904 2429 1029 2508 utrique
1054 2428 1235 2488 communia

60 2540 143 2609 sunt,
166 2533 225 2593 sed
248 2535 345 2595 etiam
368 2554 550 2615 synonyma
574 2532 746 2596 herbarum
769 2535 888 2614 scripta
911 2534 1046 2603 luerunt.
