2924 4732
708 39 736 100 Z

246 289 277 364 2)
311 263 449 338 Codex
483 261 769 358 Luqdunensis.
821 277 917 340 Hunc
944 277 975 339 in
998 274 1205 340 bibliotheca
1235 275 1266 337 L

140 392 271 452 dunensi
302 391 380 470 ipsa,
413 388 467 451 ubi
494 408 514 449 a
536 385 782 450 bibliothecario
805 387 858 448 Du
885 386 966 447 Rieu
998 384 1140 466 benigne
1166 403 1272 464 recep
1332 402 1362 446 nc

139 518 218 574 sum,
242 480 377 578 inspexi.
413 495 448 557 In
471 495 534 557 hoc
559 496 671 557 codice
694 493 776 556 haec
790 495 910 575 scripta
932 501 1015 557 sunt.
1053 491 1173 573 Capita
1205 509 1268 552 1-
1339 509 1362 552 n

140 602 188 665 his
211 606 372 686 exceptis:

247 712 327 794 Cap.
353 726 395 788 24
418 731 492 793 pars
515 715 680 772 nominum
704 710 804 778 deest.

247 821 326 903 Cap.
352 832 391 898 25
417 819 546 881 nomina
568 819 693 883 desunt.

247 928 326 1010 Cap.
353 941 403 1007 27,
428 927 479 1004 28,
503 941 545 1008 29
569 926 693 994 desunt.

248 1035 328 1117 Cap.
355 1050 394 1113 32
420 1035 548 1096 nomina
572 1041 604 1095 et
627 1049 649 1109 4
672 1030 754 1094 tituli
778 1032 902 1093 desunt

248 1143 328 1225 Cap.
354 1143 395 1221 36
419 1142 524 1204 solum
547 1142 711 1203 nominum
735 1140 856 1201 initium
880 1147 952 1200 exst
974 1146 997 1208 t.

248 1250 330 1332 Cap.
355 1266 396 1331 39
419 1250 519 1318 deest.

247 1357 327 1439 Cap.
355 1369 393 1435 52
419 1365 452 1418 et
475 1357 596 1418 initium
622 1368 671 1434 53,
693 1375 763 1436 cap.
782 1367 819 1433 55
838 1363 871 1416 et
892 1354 932 1432 56
956 1362 989 1415 01
1013 1355 1114 1415 maior
1130 1375 1209 1435 pars
1233 1359 1312 1440 capi

139 1470 180 1530 tis
206 1479 245 1546 57
270 1467 395 1534 desunt.

248 1572 328 1655 Cap.
352 1573 404 1649 60,
431 1587 448 1650 3
474 1580 507 1634 01
529 1587 551 1647 4
574 1572 698 1639 desunt.

247 1681 325 1764 Cap.
349 1681 391 1759 63
415 1679 492 1743 nihil
514 1680 571 1742 nisi
594 1700 699 1761 pauca
722 1681 851 1743 nomina
868 1690 1005 1749 exstant.
1042 1681 1117 1743 Post
1133 1680 1200 1744 hoc
1218 1695 1326 1767 caput

140 1793 224 1854 duae
256 1789 377 1852 herbae
412 1787 544 1869 «solago
577 1788 678 1849 maior
711 1796 743 1849 et
774 1786 889 1869 solago
922 1790 1044 1851 minor»
1081 1789 1325 1872 describuntur,

140 1918 220 1980 quas
243 1896 377 1979 vulgata
400 1917 464 1958 non
487 1895 596 1964 habet.

247 2004 328 2086 Cap.
361 2018 403 2084 74
425 2003 494 2066 sola
524 2002 645 2065 herbae
679 2001 802 2084 effigies
835 2011 943 2066 exstat
966 2004 1147 2086 subscripto
1184 2010 1326 2073 nomine

139 2114 275 2182 narcissi.
792 2167 795 2172 .

247 2219 327 2301 Cap.
353 2231 391 2299 75
422 2235 447 2296 1,
472 2233 501 2296 2,
527 2234 554 2297 3,
577 2234 600 2295 4
623 2227 761 2296 exstant,
785 2217 907 2300 reliqua
930 2221 1053 2283 desunt.

249 2383 279 2460 3)
304 2364 443 2436 Codex
470 2363 809 2457 Vratislaviensis,
835 2383 889 2462 qui
912 2382 1118 2445 Monachium
1143 2382 1221 2446 mihi
1245 2388 1326 2450 mis-

140 2510 194 2551 sus
218 2497 277 2552 est.
312 2487 375 2550 Hie
398 2490 507 2551 codex
530 2489 637 2550 omnia
660 2491 767 2570 capita
790 2490 932 2553 continet
954 2489 1003 2553 his
1026 2492 1186 2573 exceptis:
1212 2493 1327 2559 Deest

142 2618 214 2678 cap.
243 2611 282 2658 10
311 2605 343 2658 et
377 2597 427 2675 38.
474 2597 552 2659 Post
587 2617 658 2678 cap.
694 2597 748 2675 63.
780 2613 802 2673 4
834 2597 1023 2660 describitur
1054 2600 1168 2680 solago
1201 2601 1325 2673 maior,

140 2706 242 2768 Deest
272 2704 385 2785 solago
415 2704 526 2768 minor.
573 2703 699 2767 Desunt
730 2726 801 2787 cap.
826 2704 879 2783 64,
902 2704 954 2784 65,
977 2705 1030 2784 66,
1053 2707 1106 2786 67,
1129 2707 1183 2776 68.
1233 2707 1323 2790 Cap.

142 2828 182 2893 72
207 2813 328 2875 initium
351 2811 455 2874 solum
479 2822 593 2876 exstat.
641 2833 712 2895 cap.
740 2827 779 2893 73
805 2814 908 2882 deest.
947 2834 1019 2895 cap.
1043 2829 1095 2895 92,
1118 2815 1228 2890 4—18
1260 2819 1324 2879 de-

142 2928 224 2985 sunt.
272 2919 348 2982 Post
371 2940 440 3001 eap.
471 2932 528 2998 125
554 2922 661 3001 posita
684 2929 733 2982 est
756 2919 858 2983 herba
888 2919 1050 2989 simfitum.
1096 2942 1167 3003 cap.
1199 2923 1271 3001 126,
1299 2941 1320 2986 2

141 3028 243 3097 deest.
290 3047 360 3108 cap.
391 3040 450 3106 127
475 3027 578 3095 deest.
624 3047 696 3108 cap.
727 3027 786 3088 128
811 3027 962 3108 reliquiae
986 3029 1202 3091 medicaminis
1226 3051 1321 3094 com-

141 3136 238 3217 positi
269 3143 409 3198 exstant.
456 3154 528 3215 cap.
564 3149 625 3215 129
655 3135 687 3195 in
717 3133 881 3225 6titulosr
901 3136 1036 3198 divisum
1059 3145 1118 3214 est,
1149 3157 1222 3198 cum
1246 3141 1320 3202 vul-

141 3253 218 3325 gata
241 3243 420 3306 orationem
443 3242 626 3304 continuam
649 3241 814 3323 praebeat.

246 3387 279 3468 4)
304 3369 442 3441 Codex
472 3366 737 3466 cassinensis,
765 3389 824 3451 etsi
851 3390 1006 3452 minorem
1038 3397 1163 3452 tantum
1187 3400 1319 3471 partem

140 3495 297 3576 inspicere
321 3496 423 3577 potui.

247 3601 399 3664 Monachi
422 3603 507 3664 enim
530 3604 713 3665 monasterii
730 3602 931 3684 Cassinensis,
955 3627 1029 3669 cum
1052 3608 1126 3669 anni
1155 3607 1237 3670 1886
1261 3610 1317 3673 die

141 3709 287 3787 Veneris,
311 3711 367 3791 qui
391 3711 553 3772 antecedit
575 3711 785 3792 septimaniae
808 3693 928 3789 sacrae,
952 3716 983 3776 in
1006 3717 1235 3777 monasterium
1258 3737 1316 3779 ve-

140 3818 266 3893 nissem,
291 3837 340 3880 res
363 3817 514 3900 profanas
537 3819 748 3884 administrari
778 3820 903 3903 legibus
934 3823 1052 3887 ordinis
1075 3821 1122 3886 St.
1148 3823 1316 3888 Benedicti

141 3944 200 4005 per
224 3932 327 3987 totam
351 3926 573 4008 septimaniam
597 3928 761 4009 prohiberi
788 3930 949 3998 dixerunt.
995 3930 1109 4012 Itaque
1139 3951 1173 3993 re
1197 3930 1316 4015 insecta

140 4031 306 4095 discedere
329 4042 460 4097 coactus
482 4053 563 4098 sum.
612 4034 762 4100 Continet
801 4038 910 4101 codex
944 4058 1014 4120 cap.
1039 4053 1203 4119 21-131,
