2924 4732
423 457 457 530 Α
482 466 523 531 ul.

211 576 336 637 unciam
360 489 512 637 unampet
542 595 646 656 aquae
670 575 743 637 cali·

210 686 272 746 dae
296 682 433 764 cyathos
456 703 573 745 novem
597 682 697 751 bibat.

276 901 320 966 ΙΙ.
349 913 377 975 3.
413 896 469 960 Ad
493 897 641 959 dolorem
665 897 743 959 inte·

210 1006 337 1067 riorum.
384 1003 504 1066 herbae
552 1005 743 1085 plantaginis

207 1133 301 1175 sucus
317 1113 409 1192 potui
427 1113 522 1174 datur
545 1119 578 1173 et
594 1112 744 1173 interiora

208 1228 298 1282 sanat
337 1227 369 1280 et
405 1218 571 1281 thoracem
608 1218 744 1280 hominis

209 1334 335 1407 purgat.

276 1435 333 1501 lv.
376 1448 405 1512 7,
453 1431 510 1494 Ad
546 1435 743 1514 serpentium

209 1560 342 1606 morsus.
366 1539 502 1601 herbam
528 1540 744 1603 verbenacam

209 1669 282 1711 cum
312 1649 375 1710 suis
407 1648 566 1710 radicibus
600 1650 744 1730 quisquis

210 1755 370 1818 occultam
384 1756 620 1836 incinctamque
631 1777 742 1820 secum

209 1865 394 1945 portaverit,
426 1863 468 1925 ab
502 1865 649 1927 omnibus
679 1886 743 1929 ser·

208 1973 358 2052 pentibus
382 1972 441 2034 erit
464 1981 561 2036 tutus

275 2079 356 2148 Ibid.
397 2095 445 2144 12.
492 2079 548 2142 Ad
587 2082 741 2146 ictericos.

210 2186 331 2249 herbae
354 2186 556 2249 verbenacae
588 2188 744 2251 drachma

210 2316 281 2357 una*
297 2303 329 2357 et
353 2296 443 2357 nardi
476 2295 564 2357 oboli
587 2303 662 2374 tres
686 2297 742 2359 ba·

209 2424 267 2474 cae
291 2404 410 2465 crudae
443 2410 476 2464 et
507 2401 657 2466 foliorum
686 2424 743 2466 ex·

209 2531 334 2591 pressus
374 2530 469 2572 sucus
508 2519 541 2573 et
579 2510 743 2592 paululum

210 2617 360 2699 myrrhae
396 2617 552 2679 contritae
584 2637 628 2680 ex
658 2640 743 2701 aqua

209 2724 334 2806 cyathis
350 2724 451 2787 tribus
471 2725 562 2805 potui
586 2726 664 2788 data
685 2747 743 2789 ex-

209 2833 329 2913 pellere
354 2831 503 2894 morbum
527 2833 676 2898 creditur.

1077 458 1154 531 Ptin,

853 575 1053 654 portionibus
1077 595 1120 636 ex
1136 595 1220 656 aqua
1242 594 1303 656 pro
1329 576 1388 636 sin·

853 681 955 762 gulari
991 684 1133 744 remedio
1168 682 1281 744 bibere
1318 702 1387 743 sua·

852 789 939 857 dent.

885 944 886 948 ,
921 897 972 966 26,
998 912 1049 976 74.
1081 899 1319 959 interaneorum
1343 900 1388 959 vi-

851 1005 902 1065 tiis
938 1006 1074 1066 occurrit
1105 1004 1259 1085 plantago
1293 1025 1388 1066 mane

852 1120 981 1192 sumpta
1024 1110 1147 1173 duabus
1187 1111 1313 1192 lingulis
1356 1122 1388 1174 et

851 1220 945 1280 tertia
968 1221 1139 1299 papaveris
1168 1221 1197 1279 in
1222 1221 1286 1280 vini
1311 1241 1387 1300 cya-

851 1324 914 1387 this
938 1335 1092 1406 quattuor
1114 1347 1177 1388 non
1201 1330 1328 1392 veteris

919 1446 971 1512 25,
994 1449 1064 1514 107.
1088 1436 1240 1497 adversus
1254 1456 1388 1517 serpen-

851 1543 890 1603 tis
914 1544 1089 1605 conteritur
1112 1564 1155 1605 ex
1181 1545 1262 1612 vino,

920 2079 970 2142 26.
1009 2095 1079 2158 123.
1111 2081 1188 2141 item
1220 2080 1297 2160 (scil.
1331 2103 1388 2144 ex-

851 2195 1013 2276 pugnatur
1029 2186 1160 2248 morbus
1178 2188 1294 2268 regius)
1316 2209 1388 2251 ver-

850 2294 993 2357 benacae
1025 2295 1101 2356 folio
1142 2294 1245 2356 obolis
1283 2296 1389 2358 tribus

851 2423 895 2466 ex
928 2404 991 2464 vini
1026 2402 1119 2464 calidi
1150 2401 1278 2464 hemina
1307 2424 1389 2484 qua·

850 2513 967 2574 triduo,

314 2942 404 3008 LXI.
434 2955 445 2999 1
472 2938 597 3002 Eadem
621 2940 723 3003 herba
754 2942 795 3004 ab
816 2940 959 3021 Apuleio
983 2949 1015 3002 et
1032 2941 1221 3002 Dioscoride
1245 2941 1287 3002 ad
1312 2964 1394 3023 pro·

209 3047 340 3108 fluvium
364 3047 503 3109 mulieris
527 3050 792 3132 restringendum,
820 3070 838 3112 a
862 3048 961 3141 Plinio
986 3050 1028 3109 ad
1053 3068 1177 3110 menses
1201 3051 1396 3114 evocandos

209 3155 463 3217 commendatur.

275 3264 383 3330 LXII.
436 3279 461 3330 ι,
506 3262 562 3324 Αά
596 3273 742 3327 ventrem

209 3370 410 3434 solvendum.

276 3477 411 3539 herbam
458 3477 577 3558 leporis
623 3479 741 3558 pedem

208 3586 326 3647 siccam
343 3587 374 3646 in
389 3584 556 3666 pulverem
576 3586 741 3647 redactam

208 3692 286 3753 dato
322 3694 353 3753 in
388 3693 554 3772 potionem
589 3694 620 3754 in
650 3695 742 3770 vino;

208 3800 232 3860 si
257 3798 423 3877 febricitat,
457 3801 487 3860 in
516 3820 601 3880 aqua
625 3799 743 3863 calida:

209 3926 287 3967 mox
312 3915 457 3969 ventrem
482 3912 613 3970 solvet.

919 3246 969 3308 26.
1009 3259 1059 3324 53.
1100 3245 1255 3327 Lagopus
1290 3253 1396 3312 sistit

850 3351 958 3415 alvom
990 3373 1008 3414 e
1041 3354 1114 3415 vino
1149 3361 1229 3433 pota
1264 3361 1321 3414 aut
1359 3356 1395 3418 in

850 3459 930 3522 febri
954 3479 997 3522 ex
1021 3480 1116 3541 aqua.

315 4014 423 4078 Diosc.
452 4017 507 4083 IV.
537 4029 584 4093 17.
628 3997 778 4091 δύναμιν
823 4000 860 4070 δὲ
908 4000 974 4088 ἔχει
1023 3994 1208 4071 canticinio
1253 4003 1397 4086 κοιλίας

208 4121 394 4214 πινόμενος
412 4119 489 4216 μετ’
511 4128 620 4216 οἴνου,
650 4125 707 4195 ἐπὶ
726 4125 763 4194 δὲ
790 4132 861 4195 τῶν
880 4122 1124 4219 πυρεσσόντων
1142 4126 1226 4217 μεθ’
1248 4116 1395 4213 ὕδατος.

315 4244 434 4308 Confer
456 4245 517 4308 hos
539 4246 643 4308 locos:
676 4248 714 4314 V.
741 4261 778 4325 33
810 4248 902 4317 XVI,
929 4261 965 4324 33
996 4250 1107 4317 XVII.
1137 4263 1170 4323 13
1196 4248 1323 4316 XVIII.
1360 4270 1397 4334 13
