2924 4732
476 918 987 1056 corrigenda

628 1169 836 1191 HQ

144 1296 174 1350 P.
212 1296 236 1351 2.
258 1314 331 1352 vera.
350 1297 393 1352 32.
414 1315 466 1368 pro
485 1298 676 1367 septimaniae
696 1314 749 1352 aer.
769 1297 956 1366 septimanae.

144 1386 174 1441 P.
212 1388 238 1441 ir.
259 1406 332 1443 vera.
369 1389 395 1442 ὃ,
416 1405 468 1457 pro
488 1388 605 1458 catalog
623 1405 677 1442 aer.
697 1387 840 1458 catalogo.

142 1477 174 1530 P.
213 1480 238 1531 ii.
259 1495 334 1532 vera.
355 1478 397 1531 14.
417 1487 488 1532 nota
507 1476 529 1530 ti
548 1477 711 1530 deformato
731 1484 784 1530 eat

142 1566 173 1621 P.
211 1569 236 1622 11,
256 1585 330 1622 vera.
349 1566 393 1623 28.
412 1585 464 1637 pro
484 1568 616 1637 eupatori
635 1584 689 1620 aer.
709 1567 851 1635 eupatori.

140 1657 172 1711 P.
195 1658 235 1711 14,
255 1674 328 1711 verr.
366 1659 391 1711 2.
411 1675 463 1728 pro
482 1655 513 1711 C.
532 1674 586 1711 aer.
605 1657 623 1710 Ι.
736 1660 739 1666 ’

140 1744 172 1800 P.
192 1746 234 1799 15.
254 1764 327 1801 vero.
346 1744 389 1800 20.
409 1751 476 1816 poet
494 1745 580 1815 Lysis
598 1746 782 1800 inserendum
801 1744 887 1811 (Lisia
906 1744 989 1809 eod.).

139 1836 171 1891 P.
192 1838 233 1891 16,
253 1853 326 1890 vera.
348 1837 388 1890 19,
408 1854 461 1907 pro
480 1834 602 1890 Cratera
624 1853 676 1890 ner.
696 1834 830 1890 Cratera.

141 1925 172 1981 P.
193 1927 235 1979 lii.
256 1943 328 1981 vern.
348 1926 391 1979 20.
411 1925 456 1980 bis
475 1925 629 1980 delendum
648 1931 700 1980 eat.

140 2015 171 2069 P.
191 2016 233 2070 20.
254 2032 326 2070 vera.
345 2015 389 2070 35.
408 2033 461 2085 pro
482 2016 669 2085 exponendas
687 2032 740 2069 ner.
761 2014 953 2084 exponendas.

139 2105 171 2159 P.
188 2106 231 2159 2l.
251 2122 325 2161 verr.
344 2104 387 2160 25.
407 2123 459 2175 pro
479 2112 561 2160 eorta
579 2122 633 2159 aer.
653 2109 744 2159 eoeta.

141 2193 173 2250 P.
192 2196 236 2249 22.
255 2212 329 2251 verr.
350 2193 391 2250 12.
411 2212 464 2265 pro
484 2195 599 2249 veaeiae
618 2212 671 2249 aer.
690 2194 814 2250 vesicae.

139 2284 171 2341 P.
192 2284 235 2340 24.
255 2302 329 2341 vera.
366 2286 391 2339 8.
411 2302 465 2354 pro
484 2284 677 2355 Apoioldorna
697 2301 750 2339 ser.
769 2282 971 2353 Apollodorus.

141 2374 650 2445 Mwmmmfflmss

139 2463 213 2519 ibid.
248 2481 321 2521 verr.
343 2465 384 2517 11.
404 2482 457 2534 pro
476 2464 640 2534 nymphaea
659 2481 714 2518 ner.
734 2462 915 2533 nymphaeae

139 2552 212 2610 ibid.
252 2571 325 2611 vers.
345 2552 388 2609 27.
408 2571 461 2625 pro
478 2570 526 2634 με
555 2571 608 2608 aer.
636 2537 733 2634 μεθ’.

138 2644 170 2698 P.
190 2643 233 2699 27.
253 2660 325 2699 vers.
366 2643 388 2697 1.
408 2643 499 2698 verba
518 2643 578 2710 (ubi
595 2643 681 2695 Plinii
702 2643 792 2697 verba
806 2642 953 2712 adscripta
966 2644 1044 2709 aunt)
1060 2640 1185 2698 delenda
1199 2650 1228 2698 et
1242 2643 1307 2697 haee

257 2733 412 2788 scribenda
431 2739 512 2787 aunt:
532 2733 597 2786 Plin
617 2733 659 2786 25.
681 2733 746 2800 1653
765 2733 807 2786 26.
822 2733 871 2800 953
890 2730 1011 2799 25.100;
1031 2732 1073 2786 25.
1099 2732 1165 2802 1343
1184 2732 1226 2787 27.
1247 2735 1308 2800 1143

257 2824 300 2876 26.
323 2822 388 2889 1433
407 2822 450 2876 20.
470 2823 530 2875 244.

141 2912 172 2968 P.
192 2914 233 2968 28.
254 2930 328 2968 vora.
348 2912 390 2965 23.
412 2930 463 2983 pro
484 2913 670 2983 perpenderit
689 2930 742 2967 ser.
763 2913 942 2983 pependerit.

141 3003 212 3059 Ibid.
251 3020 324 3059 vers.
344 3003 387 3057 35.
407 3019 459 3072 pro
478 3008 619 3073 supparat
637 3021 689 3057 ser.
711 3009 859 3072 suppurat.

140 3092 170 3148 P.
191 3093 233 3146 34.
254 3110 328 3148 vora.
351 3092 390 3146 13.
410 3110 462 3162 pro
483 3092 597 3148 efficaci
617 3110 670 3147 ser.
696 3091 851 3148 effieaeius.

140 3184 212 3240 ibid.
252 3200 325 3238 vera.
345 3184 387 3236 21.
407 3200 459 3253 pro
479 3181 687 3254 interpolatore
708 3201 760 3237 ser.
780 3183 1002 3253 interpretatore
1023 3181 1077 3235 vel.

140 3274 171 3328 l'.
190 3274 233 3329 35.
253 3290 326 3328 vers.
348 3272 388 3327 10.
409 3290 460 3342 pro
485 3254 598 3357 ὥςπερ
627 3288 681 3327 aer.
711 3254 820 3356 ὥςπερ

140 3363 171 3418 Ρ.
191 3364 234 3418 44.
254 3380 328 3418 vers.
349 3362 389 3416 19.
410 3379 461 3432 pro
481 3362 610 3416 narrubii
629 3380 682 3416 ser.
703 3361 851 3415 marrubii.

140 3452 212 3507 ibid.
250 3470 322 3508 vern.
342 3452 385 3506 36.
406 3468 457 3522 pro
478 3457 595 3507 aeterne
615 3469 668 3506 aer.
689 3456 818 3506 aeterna.

140 3541 170 3595 P.
190 3544 232 3596 48.
252 3559 325 3597 vera.
345 3542 387 3596 29.
408 3558 459 3612 pro
480 3541 605 3596 miritino
625 3559 678 3596 ser.
699 3541 822 3594 mirtino.
933 3612 936 3618 ι
976 3540 984 3557 ’
