2924 4732
553 280 764 406 3-5,-

278 519 380 601 Apul.

54 626 153 709 Appi
207 629 334 691 radices
382 629 413 689 in
458 628 602 689 sextario

55 755 168 815 aquae
204 736 248 797 ad
283 737 407 797 medias
442 755 516 797 cum
549 736 604 796 de·

55 851 178 904 coctae
226 843 352 919 suerint,
407 845 604 905 vettonicam

55 953 165 1032 ipsam
201 950 413 1032 permiscebis
448 959 482 1012 et
514 949 605 1011 dabis
653 913 656 958 Ι

55 1061 184 1137 bibere,
220 1061 251 1120 in
284 1041 603 1139 perpetuumsanat,

129 1169 257 1236 XXVI.
279 1182 306 1244 3.
323 1164 380 1227 Ad
393 1165 604 1245 hydropicos,
653 1150 656 1237 l
782 1182 832 1245 22,
855 1170 909 1245 46.
943 1170 997 1232 Ex
1021 1169 1071 1234 his
1095 1173 1250 1234 candidus

55 1274 163 1336 herba
181 1273 397 1336 chamaeleon
406 1281 439 1334 et
455 1271 604 1333 chamae·
653 1288 656 1359 ff
712 1274 912 1358 hydropicos
943 1290 1035 1342 sanat
1067 1302 1145 1342 suco
1171 1281 1251 1341 radi-

56 1381 193 1463 daphne
208 1390 242 1443 et
255 1379 473 1459 chamaedrys
494 1379 604 1458 aequis
652 1371 655 1478 l
713 1383 758 1444 cis
782 1385 950 1449 decoctae.

56 1488 262 1572 ponderibus
273 1497 367 1549 tunsa
380 1495 413 1548 et
422 1485 604 1547 mollissime
780 1493 888 1557 Diosc.
904 1498 965 1562 HI.
982 1497 1010 1558 8.
1033 1485 1253 1573 Χαμαιλέων

56 1599 185 1660 cibrata
222 1597 248 1657 si
288 1597 320 1655 in
357 1595 507 1674 portione
542 1594 604 1654 vini
712 1581 1039 1680 λευκὸςῦδρωπικοῖς
1051 1591 1252 1685 ἐπιτηδείως

56 1708 173 1782 mixta,
234 1702 401 1765 iuvenibus
457 1701 605 1762 cocliaria
652 1714 655 1823 y
713 1692 849 1764 δίδοται
872 1689 951 1791 ὁλκὴ
971 1693 1035 1767 σὺν
1055 1701 1148 1788 οἴνῳ.

56 1815 215 1894 quinque,
248 1809 425 1872 minoribus
457 1807 509 1870 vel
536 1829 603 1869 mu·
652 1827 655 1943 p

55 1921 191 1984 lieribus
223 1917 375 1980 cocliaria
398 1918 466 1993 tria,
497 1917 604 1997 pueris

56 2027 248 2091 cocliarium
311 2045 409 2086 unum
469 2024 603 2100 dederis,
652 1952 654 2097 l

55 2135 195 2199 mirifice
224 2153 348 2222 'aquam
383 2151 511 2192 omnem
545 2151 604 2211 per

55 2245 186 2305 urinam
210 2241 340 2321 digerit.

129 2352 221 2418 XLI,
252 2364 278 2412 1.
311 2346 367 2408 Ad
392 2347 520 2407 vesicae
544 2346 602 2407 (10.
783 2347 833 2396 20.
859 2334 932 2395 228.
965 2335 1101 2415 prodest
1131 2343 1163 2395 et
1194 2353 1249 2394 ve·

55 2461 178 2522 lorem.
204 2455 344 2518 herbam
360 2453 502 2516 malvam
519 2472 602 2514 erra·
623 2468 626 2473 ·
712 2439 798 2500 sicae
823 2440 1001 2510 doloribus.

57 2569 160 2629 ticam
178 2583 252 2626 cum
269 2562 347 2624 totis
364 2559 522 2622 radicibus
540 2562 604 2621 suis
780 2565 890 2628 Diosc.
904 2570 949 2635 ΙΙ,
970 2583 1038 2643 144·
1056 2555 1113 2624 καὶ
1133 2549 1249 2622 κύστει

59 2674 177 2735 libram
193 2677 375 2752 pensatam,
391 2666 474 2728 hanc
490 2666 603 2728 libram
713 2652 899 2750 ὠφέλιμος.

58 2783 90 2842 in
132 2797 239 2859 aquae
280 2775 398 2854 congio
433 2775 603 2835 decoctam
660 2843 666 2854 ¹

59 2889 103 2950 ad
139 2885 289 2948 dimidias
318 2901 378 2962 per
400 2881 539 2941 triduum
563 2883 603 2943 si·
652 2882 654 2973 l

58 2994 153 3057 tienti
178 2993 258 3054 dato
290 2988 419 3050 bibere:
452 2988 602 3051 continuo
651 3028 654 3115 p

57 3101 238 3167 sanabitur.
552 3151 556 3160 .
652 3118 655 3182 i

172 3207 250 3269 Alia
274 3204 430 3265 eiusmodi
454 3207 596 3268 remedia
620 3208 702 3270 haec
726 3218 814 3272 sunt:
840 3213 868 3278 Ι,
898 3225 936 3271 10
959 3239 995 3259 =
1019 3209 1088 3271 Plin
1114 3207 1164 3284 26,
1191 3223 1249 3286 32;

58 3322 88 3388 Ι.
119 3328 155 3394 15
182 3345 221 3366 =
244 3311 321 3373 Plin-
349 3310 399 3384 26,
428 3323 504 3388 105;
536 3315 561 3381 Ι.
592 3316 630 3376 16
653 3347 689 3366 =
712 3317 794 3379 Ptin.
821 3316 872 3394 26,
898 3331 951 3395 74.
988 3320 1015 3385 1.
1040 3319 1084 3394 46
1108 3347 1144 3367 =
1169 3316 1246 3378 plin.

61 3425 115 3499 26,
152 3437 231 3498 1043
263 3422 288 3487 Ι,
315 3432 365 3494 2ο,
398 3432 447 3493 21,
480 3433 519 3479 22
544 3424 605 3484 tria
630 3427 773 3487 remedia
797 3427 827 3486 in
851 3425 929 3493 Plin.
955 3445 1053 3488 unum
1078 3428 1245 3489 invenitur.

60 3531 185 3596 confes
210 3531 236 3595 I·
270 3526 321 3601 28,
346 3540 396 3604 29,
422 3541 471 3602 332
498 3542 547 3604 34,
573 3545 623 3610 39,
646 3547 710 3608 403
744 3537 805 3601 ΠΙ·
837 3550 869 3607 Ῑ;
902 3537 956 3600 lV
984 3549 1011 3611 3,
1037 3536 1072 3609 8;
1106 3537 1184 3602 ΧΠ
1216 3549 1247 3607 Ῐ;

58 3641 140 3710 ΧΧ.
166 3652 203 3713 4;
237 3634 351 3701 XXII·
381 3647 411 3705 13
435 3635 540 3701 XXV.
571 3653 603 3712 1;
627 3639 735 3707 XXV.
764 3657 798 3719 33
825 3645 913 3708 XLI.
943 3658 968 3704 1.
994 3641 1151 3703 Remedia
1173 3649 1247 3702 ante

58 3746 195 3811 conlata
218 3759 285 3802 non
308 3737 442 3799 ePlinio
458 3753 615 3823 excerpta
638 3767 709 3808 esse
734 3759 881 3828 apparet,

336 3847 380 3912 ΙΙ,
405 3844 561 3910 Remedia
584 3849 723 3932 Apulei,
756 3876 841 3936 quae
874 3877 893 3917 a
925 3855 1073 3917 remediis
1100 3855 1246 3919 Plinianis

229 3953 326 4035 plane
349 3953 473 4014 diversa
496 3967 584 4020 sunt:

131 4089 158 4155 Ι,
185 4096 238 4155 24.
272 4076 328 4138 Ad
358 4075 505 4142 calculos,
530 4080 601 4143 her.
782 4070 835 4140 26,
861 4073 914 4150 78.
948 4072 991 4132 ad
1014 4069 1153 4132 calculos
1178 4071 1247 4149 qui-

58 4200 126 4261 bae
144 4179 333 4253 vettonicae
349 4183 518 4248 drachmas
536 4198 601 4251 tres
711 4179 788 4239 dam
811 4181 1009 4241 vettonicam
1036 4187 1069 4240 et
1092 4165 1247 4238 verbena-

60 4325 106 4368 ex
132 4303 232 4361 aceto
260 4289 404 4352 scillitico
436 4300 468 4353 et
500 4296 601 4358 mellis
649 4280 653 4381 Ι
712 4305 784 4346 cam
820 4295 852 4348 et
892 4287 1090 4348 millefolium
1137 4287 1248 4365 aequis

1123 4390 1141 4444 4
