2978 4740
263 454 286 515 b
310 474 343 498 =
367 475 389 534 p
416 473 448 498 =
474 474 495 516 v
519 473 627 516 errore
650 453 776 517 librarii.

264 581 337 622 c=
363 559 403 622 ch
427 581 460 604 =
485 582 508 642 y
531 579 564 604 =
589 582 632 641 qu
658 561 784 641 (cocere
799 582 986 643 =coquere
1002 561 1174 625 Seelniann
1190 583 1222 643 p.
1242 566 1328 641 350).

263 689 308 749 qu
333 688 365 712 =
390 683 408 725 κ
432 670 557 749 quiatus
581 688 613 712 =
638 670 775 751 cyathus
798 669 970 734 Seelmann
994 692 1025 752 p.
1053 681 1127 748 351,

262 784 275 839 t
300 795 333 819 =
357 775 393 838 th
417 802 423 852 ;
448 777 464 839 s
483 796 515 820 =
540 776 595 859 ph.

264 881 285 944 h
308 903 407 965 saepe
431 884 613 966 neglegitur
636 906 709 948 oras
733 904 766 930 =
790 885 887 948 horas
910 883 1082 948 Seelmann
1106 905 1140 966 p,
1165 885 1238 954 262,

262 990 444 1069 hadditur‚
476 991 531 1054 ubi
561 1013 626 1055 non
659 995 899 1075 exspectaveris
932 992 1022 1055 velut
1052 995 1083 1055 in
1114 990 1267 1055 «hortos»
1296 1013 1328 1036 =

159 1107 246 1160 ortus
269 1097 442 1161 Seelmann
467 1119 542 1181 pag.
568 1101 642 1179 265.

239 1207 270 1286 2)
297 1209 425 1270 Codex
447 1213 750 1272 vratislaviensis
773 1207 816 1269 III
839 1208 866 1270 F
895 1224 933 1289 19
956 1227 1042 1276 saec.
1066 1206 1112 1269 IX
1134 1207 1187 1269 vel
1211 1206 1252 1272 X.

261 1313 323 1374 Hic
347 1316 488 1376 continet
517 1315 576 1376 118
601 1315 692 1392 folia,
716 1335 855 1396 quorum
883 1330 1008 1392 1-113
1031 1315 1171 1395 integra,
1206 1315 1329 1396 reliqua

153 1420 249 1483 valde
280 1430 432 1502 corrupta
462 1430 543 1485 sunt.
580 1421 762 1484 lnscribitur
793 1422 906 1485 Herba
936 1422 1112 1485 Vettonica
1145 1420 1219 1502 Qua
1249 1420 1329 1485 Sco-

154 1528 234 1610 lapis
257 1528 418 1591 Invenitur
440 1537 525 1591 tutes
547 1528 647 1592 habet
680 1529 725 1609 (=
749 1530 791 1599 H.
816 1529 857 1592 V.
881 1549 980 1611 quam
1002 1527 1217 1611 Aesculapius
1240 1530 1326 1591 inve·

154 1638 209 1713 nit,
232 1637 366 1699 virtutes
390 1635 510 1719 habet).
558 1635 652 1718 Quae
676 1639 779 1719 prima
802 1639 900 1700 virtus
924 1639 991 1700 eius
1015 1646 1072 1701 est.

260 1743 387 1806 Deinde
409 1745 552 1824 sequitur
575 1745 682 1822 index,
705 1746 736 1806 in
760 1766 826 1826 quo
845 1744 989 1826 singulae
1006 1744 1135 1828 plantae
1152 1764 1328 1826 earumque

154 1853 286 1915 virtutes
309 1860 544 1922 enumerantur.
590 1852 712 1916 Ultima
735 1863 783 1915 est
806 1873 939 1915 numero
964 1851 1104 1915 CXXXI
1126 1854 1327 1935 praescripto

154 1959 256 2024 herba
279 1960 456 2040 mandrago
482 1964 527 2040 (=
552 1961 777 2043 mandragora)
802 1957 859 2023 vir'
895 1961 940 2041 (=
963 1962 1109 2042 virtutes)
1145 1959 1245 2023 habet
1267 1961 1326 2025 VI.

167 2121 169 2127 .
261 2067 314 2133 [01.
345 2081 380 2147 15
407 2067 532 2149 legitur.
556 2067 743 2149 Expliciunt
760 2066 918 2150 Capitula.
943 2066 1095 2150 Sequitur
1110 2068 1180 2131 Ant
1204 2068 1250 2148 (=
1272 2089 1326 2131 an·

153 2176 303 2256 tidotum)
325 2175 542 2258 justinianum.

218 2326 219 2330 ,
261 2281 314 2345 [01.
344 2281 392 2346 16.
425 2282 605 2365 lppocratis
644 2281 820 2345 Mecenatis
851 2283 916 2352 vo.
950 2281 1096 2346 Salutem
1144 2303 1177 2327 =
1200 2284 1328 2365 Hippo·

153 2397 257 2452 crates
287 2389 469 2452 Maecenati
496 2387 565 2454 Suo
595 2389 743 2454 salutem.
780 2389 919 2472 (Confer.
943 2390 1072 2453 Teuffel
1095 2390 1191 2461 R'dm.
1226 2390 1326 2455 Liter.

153 2497 229 2561 edit.
254 2514 285 2574 4.
309 2496 376 2574 446
400 2496 443 2560 A
466 2499 499 2580 4)

260 2603 314 2670 [01.
340 2620 392 2674 21.
416 2604 529 2687 Incipit
552 2607 717 2688 praecatio
742 2608 883 2669 omnium
906 2604 1088 2675 herbarum.

260 2710 314 2777 [01.
340 2727 391 2775 22.
421 2729 433 2774 1
461 2713 574 2795 Incipit
608 2713 746 2796 epistula
776 2715 900 2777 Antoni
933 2713 1025 2777 Muse
1054 2714 1122 2776 sive
1153 2713 1195 2777 de
1227 2712 1330 2777 herba

153 2819 338 2898 Vettonica,
362 2829 497 2902 quantas
520 2823 653 2885 virtutes
677 2821 786 2891 habet,

261 2926 314 2993 [01.
341 2943 359 2989 2
365 2945 393 3006 3.
417 2928 612 2992 Antidotum
636 2930 810 2994 Paulinum.

260 3035 375 3113 Pauca,
399 3057 483 3117 quae
516 3035 592 3100 olim
623 3038 664 3100 de
696 3035 797 3100 herba
828 3039 992 3101 vettonica
1019 3039 1050 3100 in
1074 3039 1187 3101 codice
1209 3037 1329 3118 scripta

154 3149 254 3220 erant,
277 3164 361 3205 nunc
385 3145 507 3214 desunt.
543 3146 657 3228 Incipit
680 3147 764 3208 enim
788 3167 807 3208 a
830 3147 936 3228 capite
960 3146 982 3223 l,
1012 3162 1023 3206 1
1051 3196 1089 3212 ..
1113 3197 1120 3212 ,
1147 3145 1329 3209 «efficacius

153 3262 236 3323 etc.»

261 3362 315 3426 [01.
342 3363 394 3426 28.
441 3361 535 3424 Vires
567 3360 740 3424 herbarum
772 3370 805 3425 et
837 3360 953 3424 herbas
984 3363 1180 3444 incipiamus.
1226 3360 1327 3424 Aliud

153 3471 336 3534 herbarium
359 3469 480 3551 Apulei
503 3469 651 3538 Platonis.
688 3468 840 3551 Sequitur
862 3470 983 3551 Apulei
1016 3471 1119 3534 oratio
1152 3472 1195 3534 ad
1226 3471 1323 3535 cives.

261 3577 316 3643 [01.
342 3578 394 3648 28,
418 3576 520 3640 herba
543 3577 708 3659 plantago,
756 3576 919 3640 Nonnulla
947 3577 1022 3642 solla
1045 3580 1170 3641 desunt.

260 3685 314 3749 [01.
341 3685 392 3765 87.
417 3685 559 3767 explicit.

259 3794 345 3856 Tum
369 3793 485 3874 legitur
508 3795 696 3870 antidotum,
720 3794 809 3874 quod
833 3814 898 3856 non
922 3792 1043 3876 Apulei
1066 3802 1124 3863 est.

260 3900 363 3962 Index
385 3899 478 3964 Sexti
501 3900 620 3978 Placiti,
645 3902 699 3981 qui
723 3899 828 3964 finitur
851 3901 905 3970 [01.
931 3917 985 3983 92.

261 4007 417 4070 Ultimum
441 4016 539 4089 caput
563 4007 629 4087 ([01,
659 4010 731 4090 117)
755 4009 934 4071 inscribitur
960 4009 1021 4070 «de
1045 4028 1188 4070 ansere.»

261 4113 378 4177 Codex
400 4114 544 4196 perbelle
566 4117 702 4197 scriptus
725 4124 783 4178 est.
830 4116 924 4178 Duae
957 4134 1067 4178 manus
1095 4117 1324 4182 discernuntur.

155 4223 243 4305 prior
265 4221 385 4283 saeculi
409 4225 460 4292 IX
475 4221 527 4284 vel
542 4242 627 4286 saec.
646 4226 688 4301 X,
712 4223 813 4285 altera
828 4223 929 4286 multo
956 4225 1123 4302 recentior,
1147 4244 1212 4305 qua
1226 4223 1327 4285 multa
