2978 4740
152 1203 196 1312 1.
218 1201 365 1347 Quae
391 1200 629 1337 pristina
653 1201 899 1312 herbarii
929 1204 1110 1313 forma
1137 1204 1325 1342 fuerit,

152 1385 208 1493 ot
246 1380 440 1516 quibus
471 1381 537 1490 do
562 1382 728 1491 robus
756 1383 948 1492 auotor
973 1382 1090 1513 oius
1128 1382 1324 1523 egerit,

588 1560 889 1694 quaeritur.

260 1833 352 1895 Haec
387 1833 535 1912 quaestio
570 1832 627 1893 nisi
663 1832 828 1895 codicibus
867 1832 1017 1895 adhibitis
1061 1835 1225 1896 diiudicari
1264 1856 1327 1896 non

151 1948 271 2022 potest.
318 1939 431 2020 Itaque
454 1938 486 2000 hi
511 1939 641 2001 codices
666 1959 685 2000 a
708 1960 760 2001 me
787 1942 964 2021 comparati
988 1951 1076 2003 suut:

266 2103 293 2182 ι)
314 2084 472 2156 Codicis
501 2084 757 2154 Monacensis
781 2101 972 2182 fragmenta,
997 2100 1091 2165 saec.
1111 2102 1158 2164 VI
1180 2103 1230 2164 vel
1257 2103 1328 2172 VH,

153 2209 188 2271 ln
212 2208 276 2271 hoc
300 2208 413 2270 codice
441 2216 586 2269 exstant:

152 2315 232 2410 Cap.
257 2316 285 2377 II
310 2315 433 2396 (vulg.)
470 2315 720 2384 1116—220t
747 2315 790 2383 24
925 2317 1080 2398 plantago

473 2425 525 2489 III
550 2422 662 2489 1-3·
760 2424 762 2430 ’
922 2425 1176 2505 quinquefolium

473 2530 628 2598 LXVII
926 2531 1064 2612 bryonia

474 2639 600 2704 LXXV
627 2636 713 2704 1-6
927 2640 1078 2700 senecion

473 2746 618 2811 LXXVI
644 2744 661 2811 1
688 2751 722 2812 et
747 2744 768 2812 2
926 2745 1003 2807 filex

474 2853 654 2919 LXXVIII
681 2850 766 2920 1—3
929 2852 1088 2932 gladiolus

478 2960 628 3026 LXXIX
653 2958 671 3025 1
933 2961 1141 3022 rosmarinum

478 3069 638 3134 LXXXV
663 3066 750 3134 1-3
928 3067 1038 3129 sabina

475 3176 694 3243 LXXXVIII
720 3174 749 3258 l,
774 3175 805 3259 3,
829 3175 850 3242 4
930 3175 1128 3237 millefolium

477 3285 660 3352 LXXXIX
689 3283 795 3352 1—13
935 3292 1006 3344 ruta
1029 3281 1186 3344 hortensis

478 3390 632 3458 XCX14
938 3390 1068 3453 ebulum

477 3499 570 3566 XCII
597 3497 704 3565 1-17
935 3499 1078 3579 puleium

477 3607 618 3673 CXXIV
644 3605 661 3672 1
688 3602 796 3689 (pars)
821 3605 841 3673 2
934 3606 1104 3668 seniculum

405 3792 406 3795 Ἴ
478 3714 600 3781 CXXV
624 3735 703 3797 pars
729 3715 819 3782 tituli
845 3714 862 3781 1
933 3713 1092 3795 eriphium

479 3823 619 3889 CXXVI
645 3820 662 3888 1
688 3829 723 3889 et
746 3821 767 3888 2
933 3823 1163 3902 petroselinum

479 3930 637 3997 CXXVII
662 3929 680 3996 1
706 3935 740 3996 et
764 3928 785 3995 2
934 3928 1074 3991 brassica

480 4037 657 4105 CXXVIII
937 4036 1095 4100 basilisca.

266 4140 406 4206 Accedit
428 4144 550 4207 initium
574 4143 695 4206 herbae
711 4143 950 4224 Mandragorae
970 4152 1003 4206 et
1024 4147 1216 4226 compositio
1233 4147 1333 4208 medi-

159 4251 298 4329 caminis,
322 4252 364 4314 de
388 4272 453 4334 quo
477 4273 558 4334 pag:
584 4265 602 4332 7
627 4253 780 4317 dicemus.
