2924 4732
351 503 450 584 Apul.

207 609 243 679 C.
268 613 365 679 XllI.
395 611 580 675 Flosculum
604 614 671 674 eius

139 720 165 780 si
188 720 390 796 contriveris,
425 721 560 781 samsuci
592 720 671 781 odo-

139 846 207 888 rem
231 824 340 895 habet,

211 950 237 997 1.
261 932 317 995 Ad
340 932 497 995 stomachi
516 933 671 996 dolorem.

140 1039 284 1102 Herbam
303 1042 494 1102 artemisiam
509 1061 581 1102 cum
599 1041 672 1102 oleo

140 1148 348 1228 amygdalino
394 1156 536 1225 tunsam,
589 1147 672 1209 bene

141 1253 310 1316 subactum
327 1275 416 1316 more
432 1255 612 1336 malagmae
629 1257 673 1316 in-

141 1363 240 1422 duces
275 1381 381 1442 panno
418 1364 537 1424 mundo
570 1372 602 1424 et
629 1365 673 1424 in·

142 1488 253 1552 pones
278 1470 388 1550 quinto
413 1471 464 1532 die
487 1470 620 1540 sanabit,
650 1499 652 1505 ·

993 505 1103 568 Diosc.

845 632 909 697 ΙΙΙ,
946 630 1017 693 118.
1045 613 1089 686 τὸ
1116 614 1227 696 ἄνθος
1252 608 1300 687 οὖν

781 718 888 819 αὐτῆς
922 724 980 794 καὶ
1012 719 1060 794 τοὶ
1097 722 1209 816 φύλλα
1244 752 1301 820 τρι-

780 828 914 922 βόμενα
964 824 1075 926 ὀσμήν
1126 827 1303 903 ἀποδίδωσι

781 935 976 1027 σαμψύχου.

853 1048 888 1114 εἰ
913 1034 975 1113 οὖν
1015 1072 1070 1122 τις
1111 1053 1217 1116 πονεῖ
1253 1044 1307 1116 τὸν

781 1148 960 1242 στόμαχον
1001 1153 1059 1222 καὶ
1105 1148 1209 1242 κόψον
1253 1151 1308 1223 τίν

781 1255 935 1353 βοτάνην
980 1256 1116 1354 ταύτην
1158 1254 1310 1355 (ταύτης,

783 1381 870 1459 quod
895 1380 993 1441 editio
1018 1378 1201 1460 Sprengelii
1225 1402 1309 1462 prae·

782 1486 847 1563 bet,
869 1507 977 1548 errore
995 1487 1196 1569 typographi
1213 1499 1312 1550 ortum

783 1614 854 1655 esse
879 1593 1027 1675 videtur).
1048 1579 1143 1671 μετὰ
1164 1577 1312 1673 ἀμυγδα-

781 1687 877 1782 λίνοο
924 1688 1043 1758 ἑλαίοο
1088 1695 1215 1780 καλῶς,
1261 1691 1313 1760 καὶ

783 1791 920 1890 ποιήσει
963 1788 1006 1873 ὡς
1045 1792 1219 1887 μάλαγμα
1261 1798 1313 1867 καὶ

784 1897 887 1996 θήσει
920 1902 976 1971 ἐπὶ
1019 1900 1085 1973 τὸν
1127 1901 1314 1994 στόμαχον,

782 2006 1103 2115 θερασεοθὴσεται.

253 2129 345 2191 Haec
377 2151 508 2210 quoque
544 2151 619 2211 pars
650 2130 848 2193 Dioscoridis
878 2130 1007 2192 subdita
1039 2139 1096 2198 est.
1144 2130 1180 2192 In
1214 2133 1315 2213 capite

146 2237 230 2297 enim
254 2237 466 2299 antecedente
490 2239 553 2298 iam
565 2220 773 2320 Ἀρτεμισία
811 2220 1043 2316 λεπτόφολλος
1071 2241 1233 2321 descripta
1264 2250 1315 2302 est,

149 2341 235 2423 Quid
259 2344 355 2424 igitur
379 2343 479 2406 altera
502 2345 683 2425 descripti0,
707 2365 791 2426 quae
808 2346 838 2405 in
855 2345 961 2424 capite
983 2347 1043 2407 118
1061 2346 1186 2426 legitur,
1210 2368 1315 2410 neces·

147 2451 230 2511 saria
253 2455 319 2513 est?

212 2556 292 2625 Ibid,
318 2572 348 2626 2,
373 2558 415 2619 ad
433 2578 603 2620 nervorum
619 2559 677 2620 do-

147 2664 257 2726 lorem.
316 2664 447 2727 Herbae
498 2667 677 2727 artemisiae

146 2791 223 2833 suco
248 2792 321 2833 cum
345 2772 418 2834 oleo
450 2775 574 2835 rosacio
599 2774 678 2834 mix-

147 2888 181 2940 to
223 2900 384 2962 perunges
422 2901 493 2958 eos,
533 2881 679 2943 desinent

148 3009 217 3050 esse
240 2989 366 3050 tremuli
394 2997 427 3051 et
449 3008 545 3050 omne
568 2989 680 3049 vitium

147 3095 286 3159 tolletur.

855 2578 895 2640 D.
922 2577 942 2642 l.
968 2599 994 2646 c,
1026 2568 1060 2635 εἰ
1080 2565 1116 2635 δὲ
1136 2567 1196 2636 καὶ
1214 2564 1317 2662 νεῦρα

788 2700 840 2750 τις
869 2679 980 2762 πονεῖ,
1018 2669 1082 2742 τὸν
1107 2669 1212 2760 χυλὸν
1240 2671 1319 2745 ταύ-

787 2806 848 2873 της
888 2776 982 2869 μετὰ
1026 2780 1166 2874 ῥοδίνου
1205 2781 1321 2851 ἑλαίοα

787 2886 887 2976 μίξας
916 2886 1022 2980 χρίει,
1058 2885 1322 2984 *dependulos-

787 3020 859 3063 ται.

163 3244 169 3252 ,
258 3202 365 3265 Etiam
388 3203 470 3265 haec
493 3202 593 3264 verba
617 3202 813 3264 Dioscoridis
836 3204 935 3282 partis
959 3205 1085 3283 spuriae
1108 3211 1191 3272 sunt,

256 3309 403 3391 Uterque
427 3311 639 3392 interpolator
662 3311 801 3371 eundem
825 3318 991 3371 auctorem
1015 3319 1146 3372 secutus
1172 3319 1231 3374 est.

256 3417 291 3479 ln
316 3417 352 3485 C.
376 3421 443 3486 XX
467 3426 499 3480 et
521 3418 717 3480 Dioscoridis
741 3417 793 3481 lib.
821 3419 882 3494 III,
914 3417 935 3477 6
970 3418 1000 3477 in
1023 3419 1131 3498 spuria
1154 3426 1247 3498 parte
1272 3438 1325 3479 ea·

150 3527 225 3588 dem
247 3547 429 3608 synonyma
452 3526 600 3607 leguntur
624 3526 741 3587 eodem
766 3527 877 3588 ordine
901 3526 1067 3605 disposita.

362 3635 462 3716 Apul.

216 3741 337 3804 Ibidem
385 3759 415 3817 4.
476 3742 518 3803 ad
550 3742 682 3822 -srigore

151 3858 291 3912 exustos

218 3956 319 4019 herba
334 3956 538 4020 aristolochia
552 3978 595 4019 ex
608 3957 681 4019 oleo

152 4073 247 4128 cocta
272 4065 508 4127 calefactoriam
539 4067 603 4126 vim
627 4064 682 4126 ha-

72 4225 76 4231 .
151 4173 207 4234 bet
232 4193 305 4234 cum
328 4175 468 4253 axungia
495 4176 633 4253 porcina.

999 3633 1107 3695 Diosc.

767 3789 770 3794 .
857 3743 920 3807 ΙΙΙ.
944 3739 975 3801 6.
1014 3722 1090 3818 μετ’
1131 3727 1250 3797 ἐλαίου
1288 3729 1327 3798 δὲ

790 3830 809 3930 ἢ
838 3828 934 3904 ὑείοο
967 3837 1115 3912 στίατος
1147 3840 1328 3929 ἑψηθεῖσα

791 3942 868 4037 ρ’ίχη
884 3943 1111 4036 σοχχμιομίνη
1121 3939 1328 4036 θεραπεύει.

792 4049 869 4119 Καὶ
897 4043 1128 4143 Κρατεύαςὸ
1153 4056 1329 4144 ῥιζοτομι-

791 4153 846 4234 νὸς
883 4157 940 4226 καὶ
984 4160 1022 4226 Γ
1017 4151 1116 4232 σίλλος
1143 4152 1189 4224 τίς
1232 4152 1329 4230 αὐτὰ

790 4264 870 4358 περὶ
900 4257 1006 4360 αὐτῆς
1035 4258 1199 4356 εἰρήκασι.
