2978 4740
735 262 763 336 3

645 371 857 380 ——-—-—-

271 523 301 595 5)
326 498 464 570 Codex
492 498 769 591 Lugdunensis
799 499 905 570 alter
926 513 1044 577 saeculi
1064 514 1140 580 xv,
1157 513 1264 596 Quem
1280 517 1337 578 mi.

161 645 239 687 nore
279 631 372 706 parte
404 623 550 703 inspecta
580 624 622 685 ad
654 622 755 685 verba
786 623 981 684 restituenda
1014 622 1128 684 nullius
1163 642 1234 685 esse
1269 644 1337 686 mo·

161 733 261 794 menti
284 729 436 807 intellexi,
460 750 533 791 cum
557 729 657 792 multa
679 739 803 793 temere
834 739 889 792 aut
920 739 1119 792 commutata
1143 738 1198 793 aut
1223 732 1337 793 omissa

163 847 218 902 aut
242 839 370 901 adiecta
392 838 463 903 sint.

322 999 548 1093 Descriptio
578 999 770 1073 Codicum
799 1018 854 1098 (ex
877 1017 1034 1100 catalog).
1154 1041 1169 1102 a

274 1126 301 1206 1)
327 1129 455 1188 Codex
477 1129 747 1203 Lugdunensis,
783 1125 859 1187 olim
889 1125 953 1189 No.
986 1140 1059 1206 209,
1093 1126 1150 1187 suit
1181 1134 1276 1187 antea
1306 1126 1337 1187 in

163 1231 361 1295 bibliotheca
394 1230 552 1309 Goldasti,
582 1232 638 1294 ubi
668 1232 732 1294 No.
768 1248 851 1313 1149
882 1232 933 1294 vel
970 1234 1069 1312 123l9
1099 1241 1168 1294 erat
1199 1241 1336 1310 notatus,

161 1360 235 1402 nam
258 1348 394 1420 uterque
419 1359 568 1401 numerus
592 1338 709 1420 legitur
732 1342 763 1400 in
786 1341 891 1422 primo
916 1339 993 1403 solio
1017 1339 1185 1402 voluminis
1208 1340 1232 1403 Ι.

268 1447 322 1510 sol.
347 1447 361 1508 I
384 1446 498 1528 Incipit
523 1445 692 1510 Confectio
716 1447 799 1509 salis.

266 1554 319 1624 sol.
346 1570 377 1624 2,
401 1556 486 1624 med.
508 1556 582 1636 Jera
605 1555 894 1636 diacoloquintidas
917 1553 1109 1637 appellatur.

266 1663 320 1727 sol.
347 1680 364 1742 3
389 1683 471 1732 vers,
496 1665 581 1733 med.
606 1663 808 1747 Oxiporium.

267 1770 323 1841 sol,
346 1787 369 1847 4
391 1771 574 1834 Herbarum
624 1772 798 1835 salubrium
845 1772 1054 1853 legendarum
1100 1771 1335 1833 medicinalium

158 1879 323 1958 praecatio
346 1887 461 1948 terrae.

265 1984 418 2067 Explicit.
465 1986 579 2068 Incipit
610 1987 800 2056 antidotum.
847 1987 960 2069 Incipit
991 1987 1181 2050 antidotum.
1220 1984 1334 2065 Incipit

160 2093 326 2173 praecatio
350 2094 492 2155 omnium
516 2092 701 2163 herbarum.
730 2095 883 2176 Explicit.
1152 2163 1160 2175 Ι

266 2197 319 2268 sol,
344 2200 365 2260 6
389 2220 471 2265 vers.
518 2199 595 2264 Sine
617 2202 711 2265 titulo
735 2204 844 2284 Incipit
875 2202 996 2279 tabula,
1028 2221 1126 2282 quam
1149 2200 1331 2282 systemati-

158 2327 230 2368 cam
254 2307 526 2385 dicas,›dolorum
550 2317 583 2370 et
607 2309 773 2388 malornm,
797 2311 838 2372 ad
863 2330 947 2390 quae
971 2309 1113 2371 curanda
1143 2307 1264 2370 herbae
1288 2308 1332 2368 in·
1390 2339 1394 2343 ·

157 2415 299 2477 serviunt
328 2416 370 2478 ab
393 2415 536 2497 Apuleio
568 2419 757 2500 descriptae.
802 2418 954 2500 Explicit.
1001 2416 1115 2498 Incipit
1138 2415 1331 2478 Herbarium

156 2522 317 2587 Felicitor.

264 2628 322 2693 sot·
346 2646 395 2695 12.
442 2632 558 2714 Incipit
588 2633 748 2697 Antonius
785 2634 879 2696 Musa
911 2633 955 2702 M.
999 2631 1149 2714 Agrippe
1183 2630 1328 2693 salutem.

156 2738 300 2820 Explicit
324 2741 469 2821 epistula.

264 2863 319 2930 sol.
349 2882 397 2945 13.
424 2866 527 2929 herba
549 2869 712 2930 vettonica
735 2869 865 2950 depicta
888 2876 946 2936 est.
971 2867 1041 2948 Jam
1064 2873 1240 2947 sequuntur
1263 2884 1329 2926 rne-

156 2973 315 3036 dicamina
330 2973 452 3037 herbae
474 2977 658 3039 vettonicae
674 2984 707 3039 et
723 2977 904 3057 fragmenta
919 2975 1040 3056 Apulei
1056 2974 1165 3056 figuris
1180 2971 1328 3055 pulcher-

154 3081 240 3142 rimis
264 3090 433 3152 exornata
476 3083 715 3146 Discemeudae
737 3092 810 3145 sunt
833 3092 898 3145 tres
923 3102 1044 3159 manuS,
1067 3101 1203 3162 quarum
1226 3081 1329 3161 prima

152 3187 272 3250 saeculi
296 3189 352 3267 VI,
374 3192 516 3253 secunda
540 3211 584 3252 ex
606 3192 723 3254 iudicio
747 3190 981 3254 bibliothecarii
1004 3190 1057 3252 Du
1081 3190 1163 3251 Rieu
1188 3187 1328 3250 Gothica

153 3296 253 3359 seculi
275 3296 337 3359 XII
360 3298 393 3380 (.)
417 3299 469 3360 vel
496 3298 579 3377 XIII,
603 3301 696 3361 tertia
719 3301 877 3361 recentior
901 3300 1033 3361 sortasse
1055 3297 1213 3367 Goldasti,
1236 3296 1326 3358 Idem

153 3403 414 3468 bibliothecarius
439 3407 470 3468 in
494 3405 644 3488 catalogo
672 3409 840 3470 adnotavit
870 3408 1028 3469 rationem
1051 3406 1234 3469 habendam
1258 3424 1326 3466 esse

154 3514 283 3575 omnino
306 3515 466 3576 secundae
491 3535 608 3576 manus.
646 3513 796 3578 Secunda
820 3523 989 3596 corruptos
1009 3515 1172 3576 nominum
1195 3522 1229 3575 et
1251 3531 1326 3576 ver·

153 3619 269 3681 borum
293 3641 383 3683 casus
405 3642 504 3704 saepe
528 3625 558 3684 in
590 3625 749 3705 integrum
773 3625 925 3699 restituit,
956 3624 1015 3685 sed
1047 3642 1086 3684 ea
1117 3642 1167 3683 res
1198 3621 1326 3682 minoris

152 3729 352 3791 aestImanda
375 3739 433 3807 est,
456 3733 608 3811 quoniam
631 3733 691 3812 ipsi
708 3731 799 3793 facile
819 3730 883 3792 hoc
899 3751 1029 3792 munere
1046 3731 1133 3810 iungi
1149 3747 1324 3810 possumus.

259 3836 372 3918 Itaque
396 3839 518 3919 primae
542 3859 654 3902 manus
677 3841 758 3902 ratio
782 3838 932 3901 habenda
956 3847 1012 3900 est.
1050 3837 1201 3915 Continet
1217 3836 1324 3897 codex

152 3944 183 4004 in
215 3944 345 4024 singuIIs
379 3946 536 4026 capitibus
570 3949 699 4009 nomina
733 3947 905 4009 herbarum
942 3946 1149 4027 praescriptis
1184 3944 1322 4005 numeris

152 4051 311 4132 capitum,
343 4053 460 4115 deinde
490 4075 686 4137 synonyma,
717 4064 785 4116 turn
808 4056 992 4137 saepissime
1016 4053 1088 4115 loca
1111 4053 1322 4126 nominantur,

150 4158 206 4221 ubi
230 4158 351 4222 herbae
374 4171 553 4240 nascuntur,
577 4165 730 4227 rarissime
754 4164 869 4225 breves
886 4163 1057 4226 herbarum
1080 4160 1322 4240 descriptiones,

151 4268 291 4349 denique
314 4269 534 4334 medicamina.
581 4273 673 4336 Haec
705 4273 812 4334 omnia
843 4272 1037 4335 antecedunt
1060 4269 1231 4332 herbarum
1255 4266 1322 4328 effi-
