2978 4740
563 245 663 324 ,7

540 359 751 366 -----.

168 477 369 566 „dirrhaea
394 479 506 553 ultrici
529 480 583 566 iiir
606 481 719 569 [argei
743 480 864 554 hebent
889 503 993 565 pauca
1009 483 1130 567 Apulei
1149 485 1233 570 frag·
1262 538 1265 544 .

61 596 177 666 menta,
201 610 286 670 quae
318 611 361 652 ex
392 588 590 652 bibliotheca
611 589 853 653 Emmeranensi
877 592 908 653 in
932 591 1164 657 bibliothecam
1187 616 1235 658 re·

60 697 147 776 giam
181 697 410 760 Monacensem
444 697 599 760 translata
628 706 718 775 sunt,
754 698 809 761 ubi
845 696 926 768 cod,
964 699 1093 775 Monac,
1128 701 1235 768 Emer.

60 804 230 874 EXLIII
252 805 478 888 significantur.
523 805 702 869 Notantum
735 814 782 869 est
812 807 934 869 interea
965 806 1026 870 alia
1057 805 1238 891 fragmenta

61 922 190 995 reperta
213 933 291 991 esse,
319 907 404 994 quae
426 914 569 976 nondum
593 914 679 975 edita
701 921 785 976 sunt.

167 1020 213 1084 Ut
236 1020 350 1098 dicam,
382 1021 460 1101 quid
484 1021 525 1082 de
549 1018 610 1082 hac
636 1021 778 1083 editione
798 1023 942 1099 sentiam,
965 1023 1013 1084 vir
1035 1023 1236 1088 doctissimus

61 1131 92 1191 in
116 1128 165 1192 his
189 1129 285 1192 rebus
307 1129 484 1190 iudicandis
508 1127 717 1191 vehementer
741 1130 866 1198 erravit,
1243 1208 1245 1212 λ

170 1238 309 1300 Primum
333 1237 439 1298 dicam
462 1237 504 1298 de
528 1236 623 1298 rebus
646 1233 830 1305 levioribus,
880 1235 944 1299 Cur
984 1259 1061 1320 patr.
1098 1256 1110 1301 1
1138 1242 1237 1303 medi·

63 1346 202 1408 camenti
226 1345 257 1405 in
281 1364 375 1406 versu
400 1362 421 1424 9
444 1363 504 1424 pro
536 1344 691 1424 «eparis»,
715 1363 799 1424 quae
822 1343 925 1406 forma
948 1346 1097 1410 vocabuli
1120 1350 1238 1430 saepis·

61 1455 142 1516 sime
165 1455 195 1515 in
220 1452 385 1514 codicibus
408 1451 500 1513 nobis
524 1453 670 1529 occurrit,
697 1453 857 1533 scripserit
884 1447 1055 1534 «hepatis»
1082 1453 1170 1518 haud
1193 1458 1238 1519 in·

62 1559 228 1642 tellego.*)

170 1667 294 1730 Ibidem
319 1668 350 1729 in
374 1687 452 1730 vers.
482 1684 520 1748 19
544 1669 652 1730 codex
675 1667 811 1749 praebet
837 1670 1026 1750 «pecturis»,
1052 1692 1116 1734 non
1143 1691 1238 1753 «pec-

63 1775 175 1839 toris».

172 1882 229 1945 Illa
252 1904 326 1965 pars
348 1885 393 1946 sic
416 1883 555 1965 legenda
579 1903 646 1945 esse
670 1882 747 1945 mihi
769 1884 896 1947 videtur
922 1910 949 1949 e.
975 1935 983 1950 .
1008 1935 1016 1950 .
1042 1937 1049 1954 .
1075 1885 1238 1949 choleram

65 1999 99 2054 et
123 1992 165 2053 ad
189 2011 300 2053 omnes
324 1989 475 2053 humores
499 1998 532 2053 et
555 1991 597 2053 ad
628 1992 769 2072 pectoris
801 1991 950 2054 dolorem
978 2001 1011 2054 et
1034 1993 1076 2055 ad
1099 1991 1240 2057 thoracis

65 2101 96 2161 ei
119 2100 264 2180 proderit
287 2101 374 2161 omni
397 2100 535 2184 corpori,
560 2101 615 2180 qui
638 2119 713 2161 usus
736 2097 799 2162 hoc
822 2100 983 2181 pastillum
1006 2101 1110 2163 suerit.
1147 2102 1240 2164 Facit

66 2214 101 2267 et
134 2207 176 2268 ad
206 2207 348 2288 pericula
371 2207 518 2270 mortalia
542 2206 589 2285 (=
614 2205 894 2291 ssohessqeinhrenh
924 2209 980 2288 qui
1003 2229 1126 2271 venena
1158 2211 1240 2272 acci-

67 2319 167 2398 piunt.
193 2315 237 2378 Et
261 2315 302 2378 ab
327 2317 412 2378 omni
436 2316 579 2398 periculo
597 2315 745 2399 liberabit
769 2324 802 2379 et
826 2315 933 2377 omnia
956 2314 1041 2378 mala
1064 2316 1237 2397 expellet.»

67 2425 236 2505 Leguntur
265 2423 383 2486 deinde
415 2405 446 2485 in
477 2424 590 2486 codice
624 2422 706 2485 haec
740 2423 957 2504 »accipiuntur
998 2424 1090 2504 quasi
1124 2423 1241 2505 pastila

67 2533 224 2612 gininus».
271 2529 415 2612 Spengel
450 2539 543 2612 putat
577 2532 780 2593 scribendum
814 2550 883 2592 esse
912 2530 1070 2612 ·«pastilla
1108 2551 1241 2612 genus».

69 2638 169 2720 Quod
201 2638 279 2719 quid
308 2638 368 2700 sibi
400 2637 495 2716 velit,
530 2659 583 2701 me
610 2640 742 2720 quidem
766 2638 858 2719 sugit,
904 2637 974 2700 Aut
997 2638 1170 2720 legendum
1193 2648 1242 2703 est

70 2745 206 2828 «pastilli
230 2765 351 2826 genus»
379 2753 434 2808 aut
461 2745 680 2827 «pastillorum
712 2766 844 2827 genus»,
878 2754 1047 2827 praeterea
1078 2748 1243 2811 restituen-

67 2855 146 2916 dum
171 2860 221 2915 est
248 2853 454 2933 «accipitur»,
477 2861 513 2914 ut
536 2851 618 2914 haec
641 2854 800 2915 sententia
815 2854 948 2915 evadat:
971 2851 1142 2934 Accipitur
1165 2853 1242 2934 (scil.

65 2961 172 3042 potio)
197 2959 288 3039 quasi
312 2959 430 3041 pastilli
454 2979 564 3040 genus
587 2961 620 3022 id
644 2969 693 3022 est
717 2960 769 3036 ita,
792 2968 828 3021 ut
850 2961 985 3022 sumitur
1008 2979 1109 3040 genus
1128 2960 1244 3041 pastilli

66 3066 169 3131 diluti.
215 3066 342 3128 Deinde
366 3066 490 3147 legitur,
514 3068 571 3128 nisi
595 3087 647 3129 me
674 3065 753 3130 fallit
776 3067 909 3144 animus,
939 3066 978 3143 R,
1012 3086 1110 3147 quam
1133 3076 1244 3130 notam

65 3173 215 3256 Spengel
240 3173 394 3254 neglexit.
441 3173 476 3235 ln
499 3173 561 3237 hac
593 3183 670 3236 nota
693 3173 793 3237 latere
817 3173 893 3236 mihi
916 3174 1043 3236 videtur
1069 3173 1242 3255 «Recipe»

10 3314 31 3377 e«
64 3283 223 3380 Sequitur
249 3282 394 3344 «feniculi
422 3303 532 3344 semen
559 3295 573 3361 5
600 3298 667 3360 νῖν»,
698 3291 776 3345 nota
801 3307 816 3338 α
823 3294 838 3361 5
864 3296 900 3348 νῖν
914 3307 929 3337 »
955 3280 1151 3362 significatur
1177 3302 1245 3345 «se-

10 3441 28 3483 n
64 3390 226 3454 muncia.»
253 3411 335 3460 vers,
364 3407 399 3452 11
429 3390 571 3471 «thymi»
599 3391 803 3454 scribendum
826 3399 884 3453 est.
903 3428 943 3438 —
957 3410 1038 3454 vers.
1068 3403 1103 3470 15
1132 3389 1246 3453 «abro-

10 3550 26 3591 p
63 3499 156 3564 tani»
181 3499 227 3560 sic
251 3500 335 3561 enirn
358 3500 465 3562 medio
497 3519 579 3561 aevo
612 3499 771 3563 dicebant.
817 3497 962 3580 Spengel
984 3499 1107 3579 scripsit
1133 3499 1246 3561 «abro-

64 3607 170 3669 toni.»
198 3643 238 3653 -
270 3620 307 3686 17
332 3605 517 3687 elelisphaci
540 3606 744 3668 scribendum
769 3616 826 3672 est.
853 3643 894 3653 —
918 3627 999 3670 vers.
1030 3606 1067 3667 18
1091 3604 1245 3687 Spengeli

10 3753 26 3807 q
66 3713 256 3778 coniectura
289 3713 495 3776 confirmatur
526 3716 639 3776 codice
663 3714 706 3791 V,
739 3711 793 3795 qui
819 3714 1046 3777 «camedreos»
1072 3712 1179 3776 habet.
1204 3747 1243 3757 -

67 3841 149 3904 pag.
177 3836 193 3899 3
220 3841 303 3889 vers,
330 3837 347 3900 3
374 3823 633 3884 emendationem
656 3822 820 3902 postulare
843 3824 978 3885 videtur.
1025 3821 1137 3883 Verba
1160 3821 1247 3883 codi-

69 3931 117 3992 cis
152 3929 261 4008 «quod
292 3931 359 3991 sive
392 3930 540 3992 tusimum
572 3929 684 3991 fuerit»
719 3927 863 4010 Spengel
886 3938 975 3991 recte
998 3930 1029 3990 in
1056 3929 1248 3990 «vetustissi-

10 4071 26 4132 ᾗ
69 4056 181 4100 mum»
216 4038 370 4113 mutavit,
403 4038 461 4099 sed
492 4057 532 4098 ne
565 4038 609 4099 ita
640 4038 771 4117 quidem
795 4057 846 4099 res
869 4037 977 4118 liquet.
1023 4036 1140 4117 Neque
1163 4038 1247 4099 enim

10 4201 26 4243 i
181 4212 208 4280 *J
227 4211 315 4282 Epor,
336 4212 431 4282 eparis
450 4229 508 4267 non
528 4217 623 4268 exstat
643 4213 721 4283 apud
735 4211 825 4268 Oscar
839 4212 952 4269 Weise:
972 4211 1125 4284 (bathilde
1143 4211 1249 4273 illirici

71 4306 111 4368 im
131 4301 233 4365 liutein.
270 4301 375 4374 &illia
395 4301 472 4357 1882.
