2924 4732
699 261 752 335 44

139 499 165 559 si
188 498 303 580 legeris
326 502 356 562 in
380 502 455 566 Plin.
491 519 543 568 20.
577 514 656 574 241:
690 492 850 556 «nonnulli
883 493 937 572 (sc,
961 494 1094 574 vocant)
1118 490 1293 575 philopaeda

141 614 195 668 aut
219 606 453 687 philochares.»

246 713 370 776 Ibidem
397 723 481 779 «alii
505 721 672 780 asedros»
699 710 739 791 (L
763 718 796 772 et
819 709 863 790 V)
892 707 980 788 vulg.
1004 705 1189 788 aphedron.
1232 705 1296 771 Scri·

140 818 283 882 bendum
306 831 354 883 est
380 828 617 900 «aphedros»
660 801 810 899 ἄφεδρος
832 814 898 878 scil.
922 798 1099 896 κάθαρσις
1129 814 1298 878 seminarum

141 927 264 989 fluxum
289 929 516 993 menstrualem
542 928 709 1011 significat.
754 923 989 986 Menstruantes
1020 922 1162 984 feminae
1181 922 1299 1004 Judaeo

141 1054 211 1096 rum
245 1035 287 1097 ab
319 1034 386 1098 aliis
418 1045 586 1118 separatae
620 1035 733 1096 sedere
765 1030 946 1107 debebant,
981 1031 1067 1092 unde
1096 1029 1178 1092 illud
1202 1049 1301 1092 nornen

140 1150 303 1222 sumptum
327 1163 397 1205 esse
421 1153 513 1226 puto,
559 1143 668 1211 Diosc.
692 1143 754 1210 III.
790 1154 861 1219 109.
886 1123 1023 1195 δίδοται
1060 1124 1120 1194 καὶ
1159 1131 1238 1204 ταῖς
1264 1119 1301 1219 μὴ

141 1239 422 1331 καθαιρομὲναις
448 1238 582 1328 γυναιξὶ
609 1232 694 1331 πρὸς
722 1229 859 1328 ἀγωγὴν
887 1227 1060 1327 ἐμμήνων.
1080 1243 1163 1314 Ρ1111.
1177 1259 1303 1322 ²0·243·

141 1353 243 1417 herba
265 1356 361 1420 solvit
383 1367 546 1420 menstrua
569 1366 602 1420 et
617 1354 774 1419 secundas
789 1353 965 1420 mulierum.
1002 1348 1085 1413 Cum
1108 1350 1167 1413 illo
1191 1352 1304 1415 nomine

143 1462 276 1526 sortasse
309 1463 463 1528 cohaeret
486 1485 603 1527 nomen
628 1463 855 1527 Germanicum
880 1457 1163 1543 „lbotedherqelrm
1188 1456 1304 1532 &osted

142 1569 302 1653 hergelenu
329 1571 430 1653 (quod
454 1572 590 1634 feminae
611 1571 808 1654 Judaeorum
833 1575 1002 1649 separatae
1024 1565 1305 1648 sedebant).'Con·

143 1677 191 1739 ser
212 1677 342 1742 Pritze1:
378 1679 425 1751 bie
449 1677 601 1763 beutiden
624 1676 836 1750 bollandum
872 1674 926 1746 her
956 1671 1108 1759 bilinien
1140 1694 1219 1756 pag.
1244 1688 1305 1753 230.
1347 1702 1349 1743 ε

248 1803 371 1867 Ibidem
397 1811 482 1868 «alii
506 1808 698 1868 nostroron
722 1808 879 1866 dicunt».
905 1800 942 1862 L.
965 1807 999 1862 et
1014 1798 1067 1876 V.,
1094 1818 1304 1881 «nosprasom

141 1911 179 1989 T,
206 1911 488 1975 «nostrofundum»
516 1912 551 1983 C,
576 1911 631 1982 W,
671 1910 752 1973 Cum
774 1910 893 1972 Plinius
917 1924 967 1971 20.
999 1922 1060 1983 241
1095 1905 1220 1970 habeat
1245 1905 1306 1966 «alii

140 2019 393 2102 linostrophon»,
428 2022 516 2102 apud
547 2020 723 2101 Apuleium
759 2023 841 2083 «alii
871 2020 1133 2093 linostrophon
1168 2020 1304 2079 dicunt·

140 2127 377 2191 emendandum
401 2138 457 2192 est.
509 2129 522 2156 ⁶

162 2271 164 2275 >
250 2233 374 2297 Ibidem
396 2237 443 2299 tit.
467 2253 498 2317 9.
528 2235 570 2298 L:
606 2239 673 2297 «ad
705 2239 844 2312 pedum
876 2239 1049 2297 dolorem
1080 2240 1143 2294 aut
1177 2236 1209 2294 si
1234 2234 1308 2308 quis

144 2348 263 2404 lassus
288 2348 459 2406 inciderit
482 2350 520 2407 in
542 2350 759 2419 languorem
783 2351 820 2405 et
837 2326 1010 2405 habuerit
1024 2356 1230 2403 nervorum
1255 2342 1309 2404 do

143 2454 273 2514 loram.
321 2448 441 2512 herbae
472 2449 610 2513 narrubii
640 2467 748 2513 sucos
779 2469 853 2512 cum
887 2448 961 2510 oleo
995 2448 1119 2509 rosacio
1151 2447 1310 2528 permixto

144 2558 317 2638 perunguis
341 2577 424 2635 eum,
455 2559 523 2619 sine
556 2577 646 2619 mora
677 2563 898 2620 sanavltur.»
947 2560 1041 2618 Suco
1066 2562 1099 2616 et
1122 2559 1312 2618 sanabitur

142 2662 347 2727 scribendum
370 2684 440 2727 esse
463 2664 535 2727 luce
559 2664 672 2727 clarius
695 2673 754 2733 est,
801 2664 916 2745 Neque
947 2681 1025 2724 vero
1057 2662 1223 2742 inscriptio
1248 2662 1313 2744 ipsa

143 2771 262 2833 intacta
286 2779 343 2835 est.
374 2771 515 2834 «Pedum
539 2773 622 2834 enim
646 2770 759 2833 dolor»
785 2791 858 2832 eum
882 2770 1004 2851 reliqua
1028 2776 1119 2848 parte
1143 2788 1210 2830 non
1234 2768 1313 2830 bene

143 2879 292 2961 coniungi
327 2888 443 2963 potest
489 2879 524 2942 In
558 2878 669 2942 tabula
702 2880 909 2960 systematica
945 2879 1116 2940 invenitur:
1159 2877 1223 2939 «ad
1248 2896 1313 2938 ner·

142 3005 256 3049 vorum
291 2987 438 3050 dolorem
469 2996 524 3050 aut
554 2988 580 3049 si
611 3006 775 3068 spasmum
805 2985 975 3048 habuerint
1005 3006 1048 3047 ex
1079 2984 1311 3064 aegritudine.»

142 3094 244 3156 Deest
267 3096 363 3176 igitur
397 3094 449 3156 hic
486 3096 547 3159 «ad
578 3096 700 3176 pedum
731 3094 908 3171 dolorem»,
932 3095 1021 3173 quod
1045 3113 1116 3154 esse
1140 3090 1314 3154 delendum

142 3201 215 3264 loco
238 3204 404 3284 superiore
428 3201 505 3265 mihi
527 3203 661 3266 videtur.
688 3200 796 3264 Facile
820 3201 887 3263 fieri
911 3202 1025 3281 potuit,
1049 3209 1083 3262 ut
1107 3199 1149 3261 ab
1174 3201 1314 3281 interpo-

143 3307 244 3372 latore
268 3320 403 3392 propter
425 3319 615 3392 sequentem
645 3330 761 3372 vocem
784 3310 917 3388 „lassus“
950 3308 1027 3370 illud
1059 3308 1314 3369 additamentum

142 3416 332 3483 adiceretur.
379 3417 501 3481 Contra
533 3418 609 3481 illud
640 3421 838 3500 „spasmum“
862 3417 971 3478 indicis
994 3415 1086 3478 titulo
1110 3415 1315 3477 adiciendum

142 3542 210 3585 esse
233 3534 325 3606 puto.
372 3526 440 3588 Vix
471 3527 555 3588 enim
585 3525 771 3607 intellegas,
802 3525 970 3607 quomodo
999 3525 1029 3585 in
1053 3523 1193 3584 indicem
1216 3523 1315 3603 irrep·

141 3631 227 3700 serit.
272 3631 317 3695 Et
339 3634 370 3695 in
394 3635 469 3698 cod.
493 3632 535 3698 V.
560 3632 692 3715 legitur:
717 3669 758 3680 —
784 3642 840 3710 „et
858 3631 1004 3694 habuerit
1027 3649 1200 3692 nervorum
1223 3629 1316 3692 dolo-

143 3756 211 3799 rem
234 3748 267 3803 et
289 3741 477 3823 spalmum.“
522 3741 600 3806 Plin.
635 3756 687 3809 20,
713 3756 787 3819 243,
824 3741 988 3821 „spasticis
1022 3739 1126 3800 nervis
1156 3737 1316 3799 salutare“

141 3843 207 3910 scil.
232 3857 291 3913 est.
337 3846 483 3912 Scribam
506 3849 617 3930 igitur:
646 3853 706 3930 „Si
730 3855 813 3925 quis
837 3856 955 3912 lassus
979 3852 1150 3910 inciderit
1172 3852 1207 3909 in
1232 3853 1310 3913 lan·

141 3974 293 4034 guonem
325 3967 362 4020 et
391 3963 564 4021 habuerit
594 3972 795 4020 nervorum
827 3962 996 4020 dolorem
1028 3966 1065 4020 et
1094 3962 1317 4035 spasmum.“

251 4062 288 4133 C,
312 4064 351 4129 L.
397 4063 510 4128 Herba
543 4063 791 4145 Heliotropium.
839 4064 924 4127 Let
947 4064 989 4132 V.
1023 4071 1105 4141 „alii
1129 4070 1317 4136 dialiton.“

142 4170 252 4240 Diosc.
276 4173 333 4240 IV.
361 4165 491 4253 190.οἱ
519 4158 556 4230 δὲ
584 4154 726 4230 derideor).
784 4171 967 4252 Utrumque
1013 4172 1090 4252 quid
1131 4171 1191 4233 sibi
1229 4175 1319 4252 velit,

145 4278 263 4341 nescio,
297 4277 376 4349 Plin,
402 4293 452 4344 22.
482 4294 544 4341 100
566 4279 642 4341 dicit
667 4276 749 4340 hanc
773 4275 907 4341 herbam
931 4276 1051 4340 habere
1075 4288 1206 4341 aeterne
1230 4280 1319 4351 solia.
