2924 4732
442 980 508 1088 ΙΙ.
546 975 627 1086 Ilo
664 975 905 1088 fontibus
943 975 1206 1089 herbarii.

349 1181 525 1259 Postquam
556 1179 645 1240 cuius
679 1179 803 1259 generis
826 1178 937 1240 suisset
975 1176 1159 1240 herbarium
1194 1179 1424 1257 exposuimuS,

243 1291 305 1351 iam
329 1289 371 1350 ad
394 1306 462 1348 rem
486 1285 705 1348 difficillimam
729 1287 963 1367 adgrediamur,
989 1305 1072 1366 quae
1089 1293 1159 1347 tota
1175 1286 1205 1345 in
1222 1285 1423 1345 coniecturis

241 1397 346 1476 posita
370 1402 426 1457 est.
463 1393 636 1476 Quaeritur
656 1395 749 1471 enim,
773 1415 838 1476 quo
855 1414 898 1456 ex
917 1394 1005 1456 sonte
1021 1402 1134 1455 auctor
1150 1392 1246 1454 libelli
1264 1389 1423 1453 hauserit.

348 1501 461 1582 Atque
492 1503 522 1563 in
554 1501 664 1563 libello
699 1503 768 1582 ipso
803 1510 931 1582 praeter
954 1501 1150 1576 Homerum,
1182 1501 1236 1580 qui
1268 1501 1298 1560 in
1325 1507 1422 1580 parte

239 1610 407 1671 subditicia
431 1611 544 1690 capitis
568 1612 684 1678 XLIX
715 1611 846 1686 citatur,
878 1608 991 1670 nullius
1023 1609 1102 1670 certi
1133 1609 1271 1669 auctoris
1295 1610 1422 1669 mentio

240 1718 325 1779 facta
349 1726 409 1786 est,
435 1717 597 1780 Auctores
632 1718 762 1797 quidem
797 1715 967 1778 laudantur
1001 1717 1112 1777 incerti
1147 1715 1329 1776 nominibus
1355 1736 1420 1777 non

240 1825 416 1906 adscriptis,
463 1823 564 1886 Velut
603 1825 634 1885 in
674 1844 746 1903 cap.
786 1826 843 1892 IV,
889 1824 907 1884 8
948 1832 1052 1885 certus
1098 1831 1211 1884 auctor
1257 1823 1420 1900 adfirmat,

240 1935 435 2001 XXXVIII,
465 1949 491 1995 1.
516 1933 583 1994 eius
606 1930 728 1994 herbae
756 1932 1014 2013 experimentum
1038 1940 1167 1993 autores
1189 1931 1298 2010 plures
1322 1932 1419 1994 adfir-

240 2049 337 2106 mant.
383 2043 508 2118 LXXI,
533 2055 551 2102 2
576 2049 705 2102 autores
735 2039 913 2102 adfirmant.
959 2039 1013 2100 Ex
1036 2037 1085 2100 his
1109 2047 1217 2100 autem
1240 2039 1350 2101 verbis
1375 2042 1419 2102 ni·

238 2146 283 2208 hil
306 2149 384 2209 certi
408 2149 557 2210 conicere
580 2168 757 2229 possumus
783 2148 970 2229 praesertim
994 2166 1067 2208 cum
1087 2166 1185 2227 saepe
1209 2146 1346 2209 dubium
1370 2149 1418 2224 sit,

239 2263 345 2316 utrum
368 2256 421 2317 illa
443 2255 545 2317 verba
568 2255 665 2317 libelli
698 2257 837 2318 auctoris
859 2258 921 2318 sint
951 2277 992 2317 an
1016 2255 1057 2317 ab
1081 2254 1162 2340 alio,
1194 2255 1248 2335 qui
1271 2257 1420 2317 remedia

239 2382 311 2424 cum
335 2363 423 2425 bono
448 2372 565 2426 eventu
589 2362 788 2440 adhibuerat,
811 2365 942 2425 adiecta
974 2364 1045 2425 sint.
1093 2362 1175 2425 lllud
1209 2362 1338 2444 «plures
1365 2384 1419 2426 au·

238 2478 345 2531 tores»
372 2480 489 2548 autem,
513 2473 540 2534 si
562 2472 683 2554 primus
706 2480 819 2534 auctor
841 2473 972 2552 scripsit,
1002 2491 1042 2532 ne
1066 2472 1098 2533 id
1131 2473 1262 2552 quidem
1286 2472 1420 2551 indicat,

239 2576 326 2639 illum
349 2578 456 2659 plures
480 2588 628 2642 auctores
651 2579 828 2656 adscivisse,
853 2580 976 2660 quippe
999 2579 1054 2658 qui
1086 2579 1117 2639 in
1149 2599 1212 2640 uno
1237 2579 1320 2641 libro
1348 2579 1421 2643 illos

240 2686 380 2748 invenire
403 2688 553 2767 potuerit.

345 2791 381 2856 Si
405 2795 448 2856 ad
471 2793 577 2856 locum
604 2794 788 2874 Plinianum,
823 2814 921 2876 quem
957 2815 1055 2876 supra
1089 2795 1295 2873 laudavimus
1335 2799 1422 2861 redi-

239 2921 317 2978 mus,
341 2902 383 2963 de
406 2901 563 2982 Dionysio
595 2912 628 2966 et
657 2902 848 2966 Metrodoro
878 2902 921 2964 ibi
951 2904 1210 2965 commemoratis
1234 2901 1309 2964 nihil
1338 2907 1422 2968 certi

240 3007 406 3087 habemus,
430 3012 515 3073 unde
538 3012 580 3073 de
604 3010 692 3074 sonte
715 3010 836 3093 Apulei
866 3012 1015 3073 conicere
1044 3013 1220 3092 quidquam
1243 3013 1421 3091 possimus

239 3117 292 3179 De
316 3115 449 3179 Cratera
479 3117 571 3198 plura
605 3120 723 3181 tradita
748 3128 830 3188 sunt,
877 3117 1030 3199 Meyerus
1065 3120 1095 3179 in
1130 3117 1150 3182 l.
1180 3139 1207 3183 c.
1243 3138 1321 3199 pag.
1354 3135 1423 3201 250

239 3224 290 3286 bis
316 3226 356 3303 58
381 3226 422 3287 de
446 3224 509 3287 hoc
532 3227 607 3307 agit.
654 3226 728 3289 Fuit
763 3235 871 3289 autem
903 3235 1011 3290 aetate
1034 3226 1237 3289 Mithridatis.
1284 3227 1427 3294 Praeter

241 3350 290 3410 ea,
326 3353 409 3414 quae
433 3332 551 3395 Plinius
575 3335 659 3412 dicit,
694 3336 847 3416 imprimis
871 3356 919 3414 ea,
956 3355 1039 3417 quae
1062 3335 1271 3397 Dioscorides
1296 3337 1344 3398 de
1369 3339 1427 3404 illo

239 3440 381 3520 protulit,
405 3442 604 3522 respicienda
628 3450 711 3506 sunt.
743 3442 897 3523 Legimus
921 3451 975 3505 aut
977 3464 1029 3505 em
1053 3444 1083 3505 in
1106 3441 1240 3522 praefat'
1234 3444 1316 3504 ionis
1344 3467 1429 3527 pap

238 3562 256 3606 2
294 3545 391 3611 haee:
431 3532 646 3662 «sspucedac
693 3535 729 3605 δὲ
777 3530 795 3607 ὃ
843 3535 1027 3633 ῥιζοτόμος
1080 3537 1139 3607 καὶ
1177 3531 1424 3631 'Arripi‘oce
1408 3571 1427 3614 ο

238 3638 375 3772 carpis,
417 3670 517 3714 ουτοι
557 3640 626 3738 γὰρ
668 3647 826 3715 δοκοῦσιν
874 3640 1122 3740 ἄκοιβέοτεοον
1167 3651 1237 3713 τῶν
1282 3649 1429 3723 λοιπων

235 3750 315 3844 περὶ
344 3777 450 3821 τουτο
479 3747 522 3821 τὸ
549 3753 655 3846 μέρος
688 3744 957 3878 ἀνεστράφθαι,
990 3745 1118 3830 πολλας
1161 3750 1255 3846 ῥίζας
1300 3750 1430 3856 εὐχρη-

237 3853 416 3937 στοτάτας
462 3858 524 3929 καί
569 3886 669 3938 τινας
715 3855 870 3950 βοτάνας
899 3853 1240 3954 απαρασημειώτοος
1273 3862 1427 3938 εἴασαν.

235 3958 416 4039 Meyerus'
409 3981 440 4022 m
463 3981 539 4042 pag.
565 3974 626 4040 251
614 3962 702 4024 1de
733 3961 781 4023 his
811 3961 916 4023 verbis
948 3959 1029 4022 haec
1062 3963 1156 4024 dicit.
1192 3960 1276 4040 ,ffiie
1303 3963 1425 4054 haben,

236 4077 324 4137 menn
348 4066 388 4152 id)
414 4068 491 4151 recht
522 4066 669 4154 nerItehe
700 4066 777 4152 nictit
811 4067 870 4138 ulle
902 4066 981 4152 (scil.
1007 4067 1169 4153 {litonum
1200 4066 1331 4158 neihriq
1372 4076 1427 4152 he

235 4171 342 4257 Idrieb
346 4193 393 4246 en.
429 4174 546 4260 hinni
569 4175 607 4260 Ite
632 4194 689 4263 nuc
713 4174 965 4261 ieineQeIdneib
968 4194 1069 4262 unani
1093 4176 1170 4262 nelle
1173 4175 1300 4261 lertio
1282 4180 1427 4268 charte

232 4297 263 4354 er
287 4280 324 4366 lie
347 4293 408 4356 nnn
432 4283 488 4357 hen
511 4282 616 4357 beibur
640 4286 872 4371 nornenunnten
905 4281 993 4370 (scil.
1020 4284 1126 4366 {Inlnss
1157 4289 1218 4356 uun
1243 4285 1431 4378 ditinuien
