2924 4732
620 235 665 310 21

220 471 352 532 easdem
377 471 443 532 iere
469 490 526 546 rea,
550 490 614 530 non
640 470 755 531 eadem
779 469 879 531 verba
896 471 1066 531 continent.
1102 469 1233 532 Adscri-

220 576 340 640 buntur
362 579 504 640 remedia
528 578 736 653 Dioscoridis,
760 578 785 639 si
809 579 924 639 eadem
948 575 1111 641 exhibent.

34 770 37 776 Ι
273 683 373 765 Apul.
641 681 644 772 l
929 683 1006 747 Plin.

126 795 152 860 Ι,
183 808 230 869 11,
264 792 306 853 ad
333 792 478 853 iocineris
501 791 592 853 dolo·
769 791 820 867 26,
853 803 904 869 35,
948 791 1234 855 iocineri-bibitur

57 920 135 964 rem.
152 897 273 961 herbae
285 900 466 960 vettonicae
479 897 592 960 drach·
701 899 863 960 vettonica
898 896 1051 960 drachma
1089 918 1163 962 una
1202 902 1232 961 in

58 1029 128 1070 mas
138 1016 224 1085 tres
251 1025 355 1088 aquae
377 1005 501 1067 calidae
516 1026 591 1084 cya-
639 997 643 1044 ¹
700 1025 804 1086 aquae
829 1005 951 1067 calidae
976 1004 1101 1086 cyathis
1125 1006 1233 1069 tribus

56 1113 133 1177 thos
156 1123 222 1176 tres
246 1113 345 1180 bibat.

29 1300 30 1304 ,
124 1223 151 1290 Ι.
180 1235 228 1300 17.
276 1221 318 1282 ad
347 1219 454 1281 alvum
487 1214 591 1281 conci·
768 1202 818 1279 26,
845 1214 895 1280 54.
923 1201 1103 1263 Vettonica
1126 1201 1234 1263 alvom

56 1331 200 1392 tandum.
700 1309 794 1372 solvit
825 1308 984 1371 drachmis
1019 1317 1173 1389 quattuor
1190 1312 1234 1372 in

125 1437 157 1501 h,
194 1438 375 1499 vettonicae
422 1432 591 1497 drachmas
701 1417 934 1499 hydromelitos
947 1416 1072 1498 cyathis
1087 1435 1232 1481 novem.

56 1553 220 1626 quattuor,
251 1542 485 1624 hydromelitos
516 1562 591 1621 cya-

55 1651 131 1714 thos
154 1660 249 1714 octo.
297 1650 472 1712 bibendum
504 1649 591 1724 dato,

55 1768 203 1822 ventrem
226 1767 362 1826 movet.

164 1885 275 1951 Diosc.
301 1886 358 1951 IV.
388 1881 399 1924 1
444 1868 578 1939 κοιλίαν
614 1869 649 1938 δὲ
679 1865 756 1944 <ὸ“’
797 1869 1014 1965 καθοίρονοι
1060 1876 1230 1940 ποθοῑσαν

59 1973 146 2070 μεθ’
177 1972 400 2072 ὑδρομέλιτος
428 1971 572 2045 κυάθων
600 1978 691 2046 δέκα.

125 2101 149 2166 Ι.
196 2113 249 2176 43.
296 2096 352 2158 Ad
397 2077 704 2176 serpentium—⁸
769 2111 918 2177 25,101.
951 2099 1045 2159 datur
1081 2097 1122 2158 ad
1154 2098 1234 2158 ictus

59 2225 192 2268 morsus.
323 2233 327 2237 -
701 2225 828 2271 semen
862 2207 927 2266 eius
959 2209 1101 2268 denarii
1137 2220 1233 2280 pon-

127 2312 322 2374 Vettonicae
344 2299 513 2373 drachmas
529 2318 593 2372 tres
702 2320 789 2378 dere
806 2334 879 2376 cum
898 2312 1000 2374 tribus
1017 2310 1143 2392 cyathis
1160 2312 1233 2375 vini.

57 2423 87 2481 in
113 2420 177 2481 vini
200 2417 334 2480 heminis
352 2418 452 2480 tribus
476 2418 592 2480 dilutas

58 2528 151 2608 potui
176 2529 262 2603 dato,
292 2527 434 2587 omnium
464 2545 593 2606 serpen-

58 2636 138 2696 tium
162 2654 285 2696 morsus
310 2641 409 2695 sanat.

166 2759 276 2827 Diosc,
301 2761 356 2827 lV.
401 2757 412 2800 1
462 2741 704 2840 4θηοιοδήννοις
745 2746 781 2816 δὲ
825 2740 921 2817 ὁλκοὶ
961 2742 991 2836 ν’
1024 2740 1101 2837 μετ’
1137 2749 1235 2815 οἴνου

57 2859 211 2924 κοτυλῶν
229 2849 271 2944 β’.

127 2979 171 3043 ll,
195 2990 225 3050 4.
272 2974 313 3034 ad
338 2974 567 3054 dysentericos
639 2973 645 3062 l
771 2975 821 3051 26,
844 2991 897 3050 44.
920 2975 1028 3036 alvum
1050 2975 1131 3035 sistit
1144 2974 1233 3054 plan·

128 3079 157 3143 h.
178 3080 396 3161 plantaginem
413 3099 486 3140 cum
502 3079 591 3141 lenti·
701 3091 779 3163 tago
804 3102 876 3143 cum
900 3082 1050 3143 lenticula
1073 3090 1174 3143 corta.

59 3189 133 3251 cula
157 3187 289 3268 coquito
321 3196 354 3249 et
385 3188 426 3248 da
458 3188 591 3249 mandu-

56 3315 140 3372 care,
164 3295 299 3374 stringet
323 3301 478 3383 ventrem,

126 3405 170 3470 H.
201 3417 248 3478 13.
282 3402 323 3462 ad
355 3400 534 3480 podagram
559 3412 591 3463 et
769 3405 819 3480 26,
870 3419 940 3464 101.
984 3405 1110 3484 utrique
1158 3403 1233 3482 (scil.

56 3511 199 3571 omnium
235 3527 405 3600 nervorum
444 3507 591 3569 dolorem
677 3506 878 3592 podagrae)
892 3513 1091 3572 convenit—
1110 3511 1233 3591 planta-

56 3616 302 3682 vel'tumorem.
701 3620 780 3699 ginis
815 3618 890 3680 solia
924 3620 1035 3680 addito
1066 3618 1139 3679 sale
1166 3638 1233 3680 mo·
1295 3623 1297 3627 '

125 3723 155 3785 h.
183 3723 374 3804 plantaginis
410 3723 485 3785 solia
516 3744 590 3784 con-
701 3727 783 3788 dico.

56 3842 128 3894 tusa
172 3850 246 3892 cum
285 3830 351 3892 sale
391 3832 519 3892 modico
559 3839 591 3892 et

56 3941 161 4020 pisata
185 3940 307 4018 optime
340 3938 445 4000 facere
469 3947 591 4000 certum

55 4054 115 4114 est.

125 4153 169 4219 ΙΙ.
205 4166 254 4214 21.
294 4153 336 4214 ad
375 4152 482 4213 ulcera
521 4153 590 4214 oris.
769 4163 819 4229 25,
845 4164 915 4231 175.
940 4152 1012 4215 Oris
1028 4151 1134 4214 ulcera
1150 4155 1232 4215 intus

57 4256 180 4324 herbae
216 4257 407 4343 plantaginis
436 4278 529 4324 sucus
560 4262 591 4322 in
700 4259 1010 4351 sucusplantaginis
1034 4262 1184 4322 emendat
1201 4270 1233 4326 et
