2978 4740
633 262 758 392 *u

152 504 266 572 barum
290 507 410 586 desint,
442 529 623 588 synonyma
647 517 754 572 autem
780 517 812 570 et
836 509 965 570 nomina
989 504 1135 590 praefixa
1158 502 1326 572 subditicia

153 620 223 694 sint,
247 625 355 694 restat,
379 624 414 677 ut
437 615 620 677 herbarium
647 615 767 697 Apulei
791 616 895 697 primo
919 637 1073 698 generum
1105 638 1125 679 a
1148 616 1247 679 Plinio
1271 618 1290 688 1,
1301 641 1327 682 c.

153 732 480 787 commemoratorum
503 723 729 792 adscribamus,
766 721 890 804 Quodsi
914 724 945 784 in
969 725 1082 786 codice
1097 723 1132 785 M
1155 722 1327 788 herbarum

153 831 275 913 effigies
299 852 362 892 non
388 833 494 910 pictae
517 839 599 907 sunt,
624 829 769 892 librarius
794 829 982 892 difficultate
1006 832 1159 912 pingendi
1183 831 1250 894 illas
1274 835 1329 895 ad·

157 941 234 1002 dere
269 937 449 1019 prohibitus
473 946 528 1001 est.
574 938 771 1000 Posteriores
795 939 949 1019 imagines
973 958 1122 1000 sermone
1145 940 1331 1002 indicandas

160 1066 229 1108 esse
253 1054 413 1127 putarunt.
449 1045 509 1107 Rei
533 1043 701 1108 herbariae
725 1053 834 1108 autem
857 1047 1016 1108 studiosus
1041 1046 1163 1126 aliquiS,
1186 1049 1241 1127 qui
1265 1068 1331 1109 ma·
1358 1111 1361 1114 Α

157 1156 204 1235 gis
227 1174 317 1215 suam
342 1151 539 1233 disciplinam
563 1173 662 1234 quam
686 1154 764 1234 quid
788 1161 901 1215 auctor
920 1152 1018 1215 libelli
1041 1153 1200 1231 voluisset,
1225 1174 1331 1236 respe-

156 1263 218 1338 xit,
251 1281 433 1342 synonyma
464 1262 598 1325 addidit.
645 1260 718 1322 Illas
750 1260 872 1342 effigies
897 1268 1005 1322 autem
1029 1261 1059 1321 in
1084 1262 1196 1323 codice
1220 1260 1331 1323 arche-

156 1377 238 1449 typo
270 1371 372 1448 pictas
403 1367 513 1446 fuisse,
547 1377 636 1430 certo
669 1378 859 1450 argumento
883 1368 990 1449 colligi
1015 1376 1132 1448 potest.
1179 1367 1331 1451 Inspicias

156 1476 252 1537 velim
283 1484 453 1556 utramque
486 1475 626 1557 effigiem
657 1475 778 1538 herbae
809 1476 926 1556 griadis
951 1475 992 1555 (in
1017 1496 1088 1556 cap,
1114 1477 1171 1557 LI)
1196 1497 1331 1558 quarum

156 1583 290 1645 alteram
307 1603 350 1645 ex
368 1584 480 1644 codice
496 1583 534 1659 L,
558 1583 692 1644 alteram
709 1604 752 1644 ex
768 1584 880 1645 codice
895 1581 920 1644 C
937 1592 972 1644 ut
989 1585 1089 1664 potui,
1113 1584 1144 1644 in
1160 1582 1222 1645 fine
1239 1582 1331 1646 huius

157 1691 255 1754 libelli
273 1692 463 1771 transcripsi.
488 1688 563 1771 Qua
575 1692 606 1752 in
623 1711 656 1780 re
669 1693 847 1752 notandum
862 1699 918 1767 est,
935 1689 1075 1771 effigiem
1090 1691 1209 1752 codicis
1224 1691 1252 1752 L
1267 1712 1331 1754 non

156 1801 330 1880 pristinam,
346 1799 404 1860 sed
427 1798 488 1859 alia
504 1818 600 1859 manu
618 1807 805 1860 renovatam
822 1817 899 1875 esse,
923 1806 957 1859 ut
973 1797 1075 1878 figura
1091 1798 1210 1859 codicis
1227 1796 1331 1860 Cma·

156 1908 204 1988 gis
218 1916 350 1968 naturae
367 1906 615 1985 accedatrquam
633 1907 740 1986 imago
757 1907 876 1967 codicis
887 1905 924 1968 L.
961 1903 1042 1967 Cum
1059 1914 1167 1966 autem
1184 1905 1291 1967 codex
1305 1904 1331 1967 C

156 2014 200 2077 ob
224 2015 398 2094 idipsum,
423 2014 512 2094 quod
536 2013 703 2074 meliorem
727 2012 868 2094 effigiem
892 2012 1028 2093 praebet
1052 2032 1149 2092 quam
1173 1994 1330 2075 vetustior
1416 2084 1419 2089 ,

156 2122 264 2185 codex
287 2122 332 2198 L,
360 2141 424 2182 non
448 2141 491 2182 ex
515 2121 628 2182 codice
654 2120 682 2182 L
703 2120 843 2182 'describi
867 2121 1017 2201 potuerit,
1042 2119 1112 2181 luce
1137 2118 1249 2181 clarius
1273 2128 1330 2196 est,

156 2240 327 2310 utrumque
351 2229 498 2290 codicem
522 2248 565 2289 ex
589 2228 677 2290 sonte
702 2225 852 2290 haustum
875 2248 955 2305 esse,
987 2229 1018 2289 in
1042 2248 1107 2308 quo
1131 2226 1184 2288 illa
1208 2226 1331 2307 effigies

155 2340 243 2420 picta
274 2345 351 2398 erat
397 2334 511 2416 Atque
546 2334 629 2396 hanc
663 2337 854 2397 sententiam
883 2336 1005 2416 probes
1036 2343 1184 2416 spectata
1215 2332 1330 2414 effigie,

156 2465 254 2526 quam
278 2445 319 2506 ad
344 2448 442 2524 caput
465 2446 580 2511 XXVI
605 2443 712 2506 adfixi.
759 2443 920 2505 Invenitur
947 2444 1031 2505 enim
1055 2445 1085 2504 in
1109 2442 1222 2504 codice
1245 2442 1273 2503 L
1297 2449 1330 2502 et

156 2551 182 2615 C
207 2552 310 2633 figura
334 2552 495 2632 serpentis
519 2552 647 2612 nomine
675 2550 807 2631 «Lysis»
834 2550 1023 2633 subscripto
