2924 4732
806 217 859 312 48

726 340 938 353 —nnn—

356 457 538 537 CXCIII.
565 463 677 532 Herba
700 468 838 552 Nepeta.
887 477 942 550 „A
967 474 1118 536 Graecis
1152 475 1301 538 dieitur
1331 473 1429 541 cala-

247 580 394 641 mites.“
442 576 539 658 Vulg.
565 576 700 654 „Graeci
724 599 795 640 eam
820 577 962 641 minthen
987 583 1128 661 agrian.“
1168 581 1253 644 Plin.
1286 599 1335 664 19.
1366 585 1427 648 160.

246 686 322 747 dicit
347 694 488 746 mentam
512 693 544 747 et
569 694 720 767 nepetam
744 685 853 748 similis
876 707 946 749 esse
970 689 1107 768 generis.
1147 689 1266 754 Diosc.
1292 693 1355 760 111.
1381 708 1426 773 37.

245 775 380 874 ταύτην
403 792 483 871 (scil.
508 775 573 875 τὴν
592 781 719 874 ἑτέραν
736 774 976 879 καλαμίνθην)
1007 789 1040 852 οἱ
1065 776 1239 874 Ῥωμαῖοι
1268 788 1427 858 νεπὲταν,

244 898 456 962 Scribendum
480 908 528 961 est
552 901 647 981 igitur
670 905 945 977 ,‚ealaminthe.“

352 1024 387 1088 C,
413 1027 511 1095 XCV.
536 1025 649 1087 Herba
671 1025 760 1087 inula
784 1023 960 1107 Campana,
1001 1032 1092 1104 „alii
1116 1036 1316 1094 centauria
1340 1051 1425 1110 pas-

243 1138 395 1202 celion.“
442 1132 505 1194 hoc
540 1153 658 1194 nomen
697 1132 853 1214 explicari
888 1153 952 1194 non
986 1142 1105 1215 potest.
1160 1134 1243 1199 Plin.
1285 1150 1341 1216 25.
1379 1155 1423 1219 33.

244 1239 422 1322 „Quartum
449 1259 550 1321 genus
575 1259 715 1320 panaces
739 1239 781 1301 ab
805 1239 922 1302 eodem
938 1237 1078 1303 Chirone
1102 1250 1271 1322 repertum
1296 1255 1423 1309 centau-

242 1352 309 1410 rion
334 1350 543 1416 nominatur.“
590 1346 672 1410 Cum
696 1356 805 1410 autem
838 1350 868 1409 in
892 1347 967 1410 Plin.
993 1360 1044 1426 25.
1070 1364 1121 1427 30,
1146 1351 1200 1411 uni
1226 1370 1271 1412 ex
1301 1356 1421 1434 generi·

241 1456 301 1517 bus
324 1476 466 1537 panaces
490 1454 668 1536 Asclepion
692 1475 874 1537 cognomen
898 1455 1002 1532 detur,
1025 1456 1181 1519 scribam:

615 1569 698 1639 „alii
809 1569 1025 1626 centaurion

636 1677 703 1733 alii
810 1673 1043 1748 Asclepion.“
1089 1671 1173 1734 Nam
1205 1672 1418 1760 „Asclepion“

240 1805 283 1847 ex
307 1784 429 1847 eisdem
453 1783 563 1845 litteris
587 1784 790 1864 conpositum
813 1792 870 1860 est,
894 1783 1010 1864 quibus
1034 1783 1246 1864 „pascelion.“

347 1890 381 1958 C.
406 1893 526 1960 CVIII.
573 1890 685 1953 Herba
708 1889 930 1971 Tithymallos,
977 1889 1145 1968 „Nascitur
1175 1891 1257 1955 locis
1293 1903 1330 1957 et
1354 1894 1416 1958 ubi·

239 2004 332 2079 que.“
378 1999 506 2060 Nomen
532 1998 725 2061 adiectivum
757 1999 908 2059 omissum
933 2016 1003 2060 esse
1026 2006 1173 2079 apparet.
1221 1998 1336 2066 Diosc
1359 2005 1411 2072 IV.

243 2107 301 2166 162
328 2108 418 2168 dicit:
456 2097 520 2183 »ἐν
561 2088 703 2187 redigent
746 2092 783 2161 δὲ
824 2091 961 2187 χωρίοις
1002 2092 1062 2162 καὶ
1103 2080 1205 2171 οὗτος
1247 2092 1414 2188 φύεται,“

237 2213 293 2276 Ad
317 2213 432 2290 ‚,locis“
456 2215 551 2295 igitur
574 2214 759 2274 addendum
783 2221 834 2274 est
860 2212 1026 2293 „asperis“,
1048 2212 1166 2274 omissa
1188 2215 1413 2280 coniunctione

237 2325 316 2398 »θῦε
334 2321 369 2400 (ᾗ)

345 2425 379 2490 C.
404 2429 490 2496 CXI.
536 2427 571 2488 In
602 2427 731 2490 subdita
762 2436 855 2508 parte
887 2425 978 2489 huius
1006 2427 1119 2509 capitis
1142 2424 1225 2489 haec
1248 2427 1410 2513 leguntur:

236 2534 405 2612 „Similiter
427 2543 540 2596 contra
571 2537 678 2596 omnia
709 2534 866 2597 maleficia
897 2535 1004 2597 radice
1038 2535 1137 2616 ipsius
1166 2543 1223 2597 aut
1247 2541 1410 2619 derama,

236 2652 391 2722 quantum
414 2662 494 2703 unus
516 2641 636 2704 solidus
659 2651 782 2723 pensat,
807 2644 974 2710 donetur.“
1020 2642 1198 2719 „Derama“
1223 2655 1410 2728 corruptum
1454 2620 1456 2653 Ι

235 2750 310 2812 mihi
345 2751 472 2812 videtur
506 2770 550 2812 ex
588 2754 653 2827 „de
688 2753 821 2826 ramo,“
857 2750 890 2810 id
929 2750 1018 2830 quod
1059 2758 1181 2812 rectam
1219 2755 1411 2817 sententiam

234 2857 380 2939 praebet.

342 2983 376 3046 C.
400 2986 516 3055 CXVI,
543 2999 572 3052 2.
601 2985 661 3060 „ad
684 2983 835 3064 herpetas
859 2992 892 3045 et
916 2986 1107 3061 quiriadas
1132 2991 1165 3045 et
1188 3002 1307 3049 omnes
1329 2989 1411 3051 duri·

233 3095 321 3162 tiaS.“
368 3093 565 3174 ‚‚quiriadas“
589 3093 686 3154 etiam
710 3093 740 3153 in
764 3092 908 3153 remedio
931 3093 1001 3173 ipso
1020 3090 1113 3153 nobis
1136 3091 1287 3156 occurrit
1322 3094 1411 3159 Idem

232 3202 263 3261 in
287 3221 357 3281 cap.
388 3216 460 3278 131,
487 3213 502 3278 5
529 3200 694 3262 invenitur.
731 3197 807 3262 Sine
831 3198 929 3261 dubio
954 3200 1184 3262 restituendum
1208 3208 1260 3262 est
1284 3207 1411 3279 „ehoe-

232 3312 360 3371 radas“
385 3325 418 3351 =
443 3316 589 3370 strumas.
638 3305 728 3368 Conf.
753 3305 853 3387 Vulg,
878 3309 937 3374 ΙΙΙ.
967 3321 1015 3369 10.

339 3430 376 3502 C.
401 3434 521 3501 cxxl.
551 3448 577 3496 1.
602 3431 756 3509 „herbam
780 3440 911 3494 anetum
927 3432 1069 3493 conbure
1086 3440 1120 3494 et
1135 3429 1306 3513 pulverem
1331 3435 1411 3501 mol-

230 3539 382 3602 lissimum
406 3541 473 3601 eius
497 3540 668 3601 commisce
693 3546 726 3601 et
756 3538 870 3600 vulnus
901 3536 991 3601 foves
1026 3557 1070 3599 ex
1102 3558 1187 3619 aqua
1210 3547 1244 3601 et
1269 3540 1410 3607 miriiino

231 3649 335 3711 calido
371 3648 461 3711 labas
496 3657 529 3710 et
562 3649 607 3709 sic
638 3648 838 3709 medicamen
876 3647 906 3707 in
941 3652 1064 3724 ipsum
1100 3650 1234 3711 factum
1272 3648 1410 3715 iniciaa“

229 3756 321 3819 Haec
344 3755 445 3819 verba
468 3755 554 3818 nullo
579 3754 679 3817 modo
704 3753 858 3835 explicari
882 3761 1028 3835 possunt.
1064 3752 1219 3834 InprimiS‚
1243 3756 1330 3836 quid
1352 3756 1410 3821 sibi

229 3864 306 3927 velit
329 3866 379 3950 „in
402 3865 534 3945 ipsum‚“
557 3881 688 3944 prorsus
711 3880 763 3922 me
787 3860 876 3942 sugit.
924 3859 978 3921 Ex
1000 3860 1048 3924 tit.
1075 3875 1092 3938 3
1118 3859 1309 3925 coniectura
1333 3872 1411 3947 apta

229 3971 321 4033 nobis
343 3971 587 4053 suppedidatur.
634 3967 681 4031 ibi
706 3969 790 4029 enim
814 3968 966 4049 legimus:
991 3965 1131 4052 „herbae
1155 3967 1241 4028 aneti
1266 3973 1409 4035 medioa-

229 4098 302 4139 men
332 4079 583 4159 suprascriptum
615 4081 736 4153 spissu
766 4079 902 4138 factum
933 4075 1087 4137 initiatum
1120 4073 1222 4152 (mr.
1248 4076 1408 4159 iniciatur)

1454 4184 1456 4223 ι

229 4218 261 4228 ι-

336 4272 373 4342 (*)
393 4290 420 4330 v.
440 4270 560 4328 Christe
579 4267 650 4325 loeie
669 4269 769 4325 sentis.
