2978 4740
808 262 855 348 10

728 380 939 390 ———-

356 510 528 592 „genciana
551 507 730 570 semuncia“
755 537 791 556 =
814 507 992 587 gentianae.

356 617 554 697 „aristolocie
589 616 682 678 uncia
693 616 706 694 l
737 646 774 666 =
806 614 1006 676 aristolociae
1042 609 1106 692 (Sic
1143 611 1238 674 etiam
1274 611 1311 673 in
1351 613 1443 680 Plin-

669 722 830 786 Medicina
854 723 904 784 ed.
928 719 971 789 V.
996 720 1084 782 Rose
1107 721 1260 799 scriptum
1287 724 1368 803 est).

355 841 464 911 „rutae
488 832 622 912 agrestis
645 809 735 894 uricf‘
805 914 806 918 Ἰ

355 959 468 1017 „eruce
491 959 580 1001 seme
609 918 715 1016 uncl‘
738 969 773 988 =
797 956 912 1000 erucae
935 956 1055 1005 semen,

354 1030 451 1124 „cane
476 1048 582 1109 radice
606 1027 710 1127 υηεῗί
733 1077 769 1096 =
794 1063 914 1107 cannae
939 1035 1071 1107 radices,

356 1156 583 1236 „agrimmonie
615 1155 708 1217 radix
737 1154 916 1216 semuncia“
939 1183 975 1203 =
998 1152 1194 1231 agrimoniae
1226 1153 1442 1221 draconteae

675 1242 737 1323 unc
749 1263 792 1342 s.“

361 1369 481 1448 „mellis
511 1368 630 1446 Attici,
667 1379 822 1449 quantum
852 1367 976 1430 sufficit
1022 1368 1113 1429 Haec
1148 1369 1255 1429 omnia
1293 1382 1441 1437 contun-

249 1479 367 1540 duntur
397 1479 428 1538 iu
461 1496 559 1538 unum
591 1485 623 1538 et
654 1477 684 1537 in
715 1476 882 1557 pulverem
913 1475 1132 1538 mollissimum
1171 1475 1254 1553 (cod.
1292 1479 1440 1558 pulvere

249 1584 444 1666 mollissimo)
469 1586 635 1647 redactum
660 1585 824 1665 reponitur
847 1585 877 1644 in
901 1583 1056 1645 buxidem
1078 1603 1222 1645 aeneam.
1255 1583 1441 1668 Accipitur

249 1701 357 1755 autem
391 1693 421 1753 in
455 1693 673 1773 magnitudine
698 1689 890 1759 abellanae>
922 1690 996 1751 Hoc
1020 1691 1073 1770 qui
1097 1710 1173 1751 usus
1197 1690 1308 1769 suerit,
1331 1695 1439 1758 .inco·

249 1799 341 1861 lumis
365 1808 551 1880 perseverat
573 1820 676 1880 usque
700 1800 742 1860 ad
766 1797 975 1860 difinitionem
997 1802 1105 1858 suam“
1135 1797 1216 1876 (cod.
1243 1798 1439 1864 difinitionis

248 1907 347 1988 suae).
387 1906 462 1987 Ipsa
485 1927 553 1970 vox
577 1905 747 1983 ‚‚difinitio“
771 1904 1036 1985 interpolatorem
1060 1906 1273 1985 posteriorem
1298 1897 1436 1971 indicat

359 2014 387 2094 5)
413 2018 503 2077 Cod.
537 2020 612 2076 Lat.
637 2018 742 2076 Voss.
775 2011 814 2077 E.
852 2028 904 2090 13,
939 2024 978 2090 53
1012 2011 1167 2074 foliorum.
1214 2012 1277 2074 Hic
1308 2019 1437 2096 codex,

250 2122 304 2203 qui
341 2129 373 2182 et
408 2123 476 2203 ipse
511 2123 541 2182 in
576 2118 773 2183 bibliotheca
804 2119 911 2201 Lugd.
942 2129 1103 2196 servatur,
1139 2128 1268 2200 praeter
1299 2121 1370 2186 alia
1406 2129 1436 2189 in

161 2273 162 2277 =
250 2229 335 2293 soliis
357 2245 387 2306 4,
412 2244 430 2290 2
457 2267 497 2277 -
523 2229 575 2291 sol.
606 2244 644 2304 14
674 2228 816 2290 libellum
849 2229 889 2290 de
914 2227 1015 2289 herba
1039 2229 1201 2290 vettonica
1225 2236 1257 2288 et
1281 2227 1436 2296 Pseudo·

248 2335 369 2418 Apulei
400 2335 582 2398 herbarium
613 2355 715 2416 usque
748 2336 789 2397 ad
822 2343 920 2416 caput
951 2334 1059 2396 XXlIl
1094 2335 1240 2397 editionis
1272 2337 1435 2418 vulgatae

250 2445 420 2514 continet.¹
448 2442 571 2507 Ultima
601 2443 701 2505 verba
734 2451 808 2504 sunt
840 2445 976 2520 „ciatum
1000 2463 1097 2504 unum
1121 2443 1261 2522 axungia
1284 2454 1435 2512 vetere.“

355 2551 494 2632 Figurae
517 2550 698 2631 plantarum
722 2559 795 2611 ante
812 2549 973 2612 coloribus
989 2551 1201 2612 adumbratae
1218 2567 1436 2635 evanuerunt,

250 2667 370 2722 restant
404 2658 526 2740 effigies
554 2679 661 2740 penna
683 2677 866 2739 expressae.
913 2658 966 2720 Ex
990 2659 1035 2720 eis
1059 2657 1203 2739 poligoni
1226 2666 1259 2719 et
1282 2663 1436 2737 pentafili

248 2767 393 2847 imaginis
424 2767 514 2829 solae
546 2766 735 2848 imaginibus
766 2766 886 2828 codicis
918 2766 1100 2828 vetustioris
1131 2765 1170 2828 L.
1202 2765 1320 2828 similes
1344 2780 1435 2841 sunt,

249 2873 339 2936 Ante
370 2874 509 2936 diximus
540 2874 696 2937 lectiones
723 2873 815 2936 huius
839 2875 959 2936 codicis
983 2876 1024 2937 ad
1048 2874 1222 2936 editionem
1246 2879 1436 2954 parandam

248 2980 364 3043 nullius
395 3001 464 3042 esse
494 2983 656 3044 momenti.
704 2980 838 3058 Confer,
861 2983 973 3059 sodeS‚
1002 2982 1115 3062 capitis
1138 2980 1152 3041 l
1175 2980 1302 3043 titulum
1327 2998 1350 3058 4
1379 3006 1440 3048 co«

251 3089 331 3150 dicis
354 3088 394 3158 L,
418 3089 598 3152 vetustioris
622 3098 655 3152 et
671 3090 799 3154 ¹codicis
822 3088 862 3158 L.
885 3091 1089 3158 recentiores,

491 3194 533 3256 L¹
828 3193 832 3279 1
1133 3196 1177 3258 L2

316 3303 358 3365 ad
382 3302 566 3364 lacrimosos
590 3303 711 3372 oculos,
956 3306 998 3367 ad
1022 3303 1206 3366 lacrimosos
1229 3300 1355 3373 oculos,

247 3408 382 3471 herbam
406 3411 604 3472 vettonicam
626 3414 780 3473 mandu·
888 3409 1022 3474 herbam
1039 3412 1234 3473 vettonicam
1252 3423 1436 3482 comedat

249 3525 307 3580 cet
329 3525 362 3579 et
385 3517 487 3578 aciem
516 3516 682 3579 oculorum
706 3535 779 3580 me·
889 3527 921 3580 et
945 3520 1046 3580 aciem
1068 3524 1263 3581 clariorem
1288 3518 1371 3585 iacit
1398 3536 1435 3589 et

394 3630 526 3688 liorem
551 3625 635 3694 iacit.
996 3632 1168 3688 lacrimas
1192 3631 1308 3702 pellit.

350 3731 422 3812 Jam
445 3731 569 3795 videbis
593 3730 693 3794 verba
717 3740 839 3796 temere
863 3741 985 3795 mutata
1009 3752 1088 3796 esse.

675 4015 996 4036 m
