2978 4740
731 256 758 342 9

637 373 849 384 ——.-

157 495 277 582 Apulei
301 494 416 564 librum
452 538 494 549 -
518 521 626 583 neque
657 511 779 566 temere
804 524 877 566 curn
900 501 957 584 Sp.
993 502 1181 585 ampliorem
1211 499 1333 587 Apulei

157 611 274 673 librum
307 608 375 694 „bie
399 606 522 693 &christ
553 609 608 681 tei
640 610 851 698 ursnaldum
887 632 955 675 esse
978 612 1332 694 dicam—praebuisse

157 740 255 799 quam
279 719 304 779 is
328 725 384 795 est,
417 718 472 799 qui
495 719 526 780 in
550 718 682 800 vulgata
705 721 850 790 traditur,
899 719 934 781 In
958 721 1072 783 codice
1094 720 1138 785 M.
1163 722 1248 783 enim
1271 724 1332 784 sin-

157 827 238 908 gulis
261 825 408 887 remediis
431 827 553 887 numeri
576 827 726 907 adscripti
750 837 832 905 sunt,
856 830 887 891 in
910 829 1042 909 vulgata
1061 827 1192 910 singulis
1216 827 1331 920 herbis

156 939 188 999 id
223 936 312 1015 quod
347 933 399 995 ille
433 935 540 995 nescio
573 955 639 1016 quo
673 944 769 1015 pacto
801 937 955 1018 neglexit.
993 973 1035 984 -
1070 936 1122 998 De
1151 938 1331 1017 «praesidio

155 1042 364 1123 pastillorum,
388 1042 477 1122 quod
501 1041 652 1103 utebatur
674 1042 859 1124 Augustus»
886 1043 968 1107 haec
992 1044 1128 1106 dicenda
1150 1054 1232 1108 sunt.
1273 1045 1329 1108 Ab

156 1153 264 1229 inepto
289 1149 500 1229 compilatore
524 1150 655 1229 quidem
679 1151 710 1211 in
730 1152 843 1214 codice
866 1151 918 1215 vel
942 1153 973 1213 in
998 1150 1172 1231 codicibus,
1196 1173 1239 1214 ex
1262 1155 1330 1235 qui·

155 1258 214 1320 bus
238 1255 353 1319 hausta
375 1265 424 1318 est
441 1256 580 1337 vulgata,
605 1257 681 1319 illud
698 1259 874 1321 remedium
891 1257 1011 1322 herbae
1034 1258 1200 1322 basiliscae
1223 1262 1330 1323 adiec-

154 1373 223 1427 tum
247 1386 316 1428 esse
349 1386 413 1427 non
445 1384 572 1445 negem.
619 1363 686 1428 Sed
721 1367 784 1427 iam
817 1386 980 1446 quaeram,
1004 1388 1070 1449 quo
1095 1366 1168 1429 loco
1193 1365 1330 1431 herbarii

155 1474 232 1537 illud
255 1474 456 1535 medicamen
479 1493 543 1535 non
566 1474 607 1534 sit
630 1475 785 1554 ineptum.
831 1474 993 1556 Equidem
1027 1495 1079 1538 me
1111 1476 1232 1537 nescire
1256 1496 1331 1537 con·

154 1581 249 1643 fiteor
273 1580 381 1643 locum
405 1582 570 1643 idoneum.
615 1580 730 1661 Itaque
758 1601 874 1644 censeo
900 1582 941 1644 ab
964 1581 1199 1664 interpolatore
1224 1581 1332 1646 libello

154 1690 300 1751 additum
325 1696 358 1749 et
382 1709 401 1749 a
426 1687 554 1750 librario
580 1689 622 1751 ad
645 1686 780 1751 herbam
804 1689 984 1751 basiliscam
1002 1688 1137 1753 relatum
1154 1710 1235 1754 esse.
1267 1690 1333 1752 Ne·

155 1816 219 1876 que
251 1797 445 1877 compositio
483 1797 552 1877 ipsa
583 1797 659 1857 satis
691 1796 799 1876 ampla
831 1798 1068 1875 medicaminiS,
1101 1798 1191 1878 quod
1217 1817 1260 1859 ex
1282 1806 1333 1861 tot

155 1904 322 1965 elementis
346 1904 528 1966 consectum
553 1913 610 1981 est,
634 1925 673 1966 ea
697 1912 757 1983 est,
783 1926 869 1985 quae
891 1905 1048 1968 voluntati
1072 1907 1210 1968 auctoris
1236 1905 1333 1994 libelli

156 2013 363 2092 respondeat.
404 2011 607 2074 Medicamen
631 2014 662 2074 in
687 2014 760 2082 cod,
784 2012 829 2077 M.
854 2015 1013 2094 integrum
1036 2035 1100 2076 non
1124 2021 1232 2076 restat.
1270 2013 1333 2076 Le-

156 2123 242 2199 gitur
265 2120 348 2180 enim
377 2117 440 2181 hoc
464 2097 664 2182 medicamen
696 2122 793 2182 etiam
822 2122 853 2182 in
877 2122 949 2186 cod.
975 2119 1018 2191 V,
1039 2119 1127 2182 Ecce
1152 2130 1334 2185 monstrosa

156 2227 361 2306 compositio,

262 2333 350 2396 Inter
374 2335 518 2412 „feniculi
541 2340 669 2397 semen“
698 2345 731 2398 et
761 2338 897 2418 „cymini
921 2337 1095 2400 Thebaici“
1118 2340 1259 2420 positum
1284 2346 1334 2400 est

154 2443 326 2522 „gummini
358 2443 450 2504 unci“
488 2442 560 2523 (pro
591 2445 780 2524 „gummini“
810 2444 990 2524 praeferam
1013 2448 1219 2527 „gumminis“
1243 2446 1331 2517 cons,

152 2550 273 2612 Pallad.
314 2565 361 2628 12,
397 2565 425 2630 7,
463 2567 511 2629 15.
536 2551 614 2613 Post
645 2553 782 2633 „piperis
816 2554 914 2634 nigri“
937 2552 1055 2635 legitur
1088 2553 1161 2634 „(-
1185 2553 1245 2616 blis
1270 2554 1330 2616 faci

155 2655 323 2737 herbaque
347 2678 365 2720 e
388 2656 486 2720 salvia
510 2660 632 2740 uncia)“
656 2689 692 2709 =
715 2659 900 2740 elelisphaci
924 2659 1054 2739 herbae,
1089 2682 1173 2743 quae
1197 2671 1247 2724 est
1269 2661 1332 2724 sal·

155 2765 217 2841 via,
242 2767 336 2828 uncia
358 2786 431 2830 una.

262 2870 451 2954 Sequuntur
473 2871 568 2936 haec:

263 2982 379 3057 „cassie
403 2983 496 3043 uncia
509 2983 540 3062 Γ(
563 3012 599 3033 --
622 2983 752 3046 cassiae.

264 3088 380 3166 „bonia
403 3090 522 3151 desidis
553 3088 617 3152 hoc
635 3069 662 3151 ἶ
682 3089 784 3152 barba
806 3091 887 3153 iovis
913 3071 1026 3173 unci“.

263 3194 351 3277 Quid
375 3205 461 3259 esset
483 3198 598 3275 „bonia
621 3198 756 3260 desidis“
789 3201 960 3281 exquirere
984 3220 1048 3262 non
1071 3201 1171 3281 potui.

263 3323 360 3385 „rape
383 3324 494 3365 semen
517 3283 612 3386 unci“
635 3336 672 3356 =
687 3326 797 3387 rapae.

263 3412 428 3493 „eupatori
451 3390 546 3492 unci“
569 3443 605 3464 =
629 3415 797 3495 eupatorii.

263 3520 373 3595 „euciu
397 3521 521 3582 radices
544 3520 608 3582 hoc
632 3530 681 3584 est
706 3575 713 3591 .
738 3568 746 3585 .
771 3526 799 3586 .“
821 3551 858 3572 =
881 3523 972 3585 aizou
995 3552 1031 3575 =
1055 3505 1225 3597 ἅειζώουῖ

264 3626 422 3702 „causella
446 3629 556 3690 uncia“
589 3658 626 3678 =
648 3629 843 3692 maurellae?
877 3629 933 3710 (sic
964 3633 1070 3694 medio
1095 3653 1177 3695 aevo
1202 3632 1331 3694 diceba·

594 3745 662 3814 tur,
697 3757 780 3799 nunc
815 3736 1035 3820 scrophalaria
1070 3741 1195 3802 nodosa
1231 3742 1333 3803 nomi·

595 3846 710 3923 natur),

263 3950 391 4031 „ciperu
413 3953 594 4014 semuncia“
616 3983 652 4004 =
675 3955 795 4034 cyperi.

265 4057 389 4134 „trifolii
412 4061 605 4124 semuncia“

263 4213 280 4243 „
302 4168 421 4228 amomi
444 4170 638 4238 semuncia“

262 4274 421 4356 „serpullu
444 4278 627 4341 semuncia“
650 4309 686 4328 =
708 4277 849 4360 serpulli.
