2924 4732
556 176 679 306 „n

54 413 103 489 ab
131 410 311 488 ostetrice.“
345 410 438 486 Haec
465 425 666 488 emendanda
690 446 733 488 ex
756 426 887 509 vulgata
911 430 956 491 sic
978 439 1065 493 sunt:
1101 417 1239 509 „herbae

53 535 150 595 aneti
185 534 395 594 medicamine
432 535 650 614 suprascripto
687 555 817 615 pessum
857 536 976 598 sactum
1012 540 1156 601 iniciatus
1195 542 1237 603 ab

55 637 272 704 obstetrice.“
313 640 427 720 Itaque
456 643 595 720 priorem
628 641 735 703 locum
758 645 802 705 sic
831 646 983 706 emendo:
1020 692 1158 714 .....
1186 658 1238 711 «et

55 748 178 809 vulnus
201 748 275 809 fove
299 768 341 809 ex
370 769 454 827 aqua
478 756 511 818 et
544 750 682 829 myrtino
710 749 784 811 lava
807 753 906 812 etsie
930 754 1140 815 medicamine
1165 776 1236 836 pes·

55 874 134 916 sum
156 854 276 917 sactum
299 857 424 917 inicias»
460 857 479 923 i.
512 876 539 917 e.
574 855 635 926 urb
668 857 765 939 nude
802 863 862 927 oud
894 858 960 927 buu
989 858 1165 941 beilruittel
1190 862 1237 933 eiu

58 960 220 1048 ginden
243 961 305 1033 nub
329 961 417 1047 fibri
442 967 476 1032 ei
499 962 533 1031 iu
557 961 617 1032 bo}
641 973 802 1027 veretrum
828 966 884 1035 ein.

174 1088 209 1159 C.
234 1091 390 1158 CXXIII.
417 1106 446 1157 2.
480 1089 560 1154 Cod.
585 1090 618 1152 V
643 1090 724 1153 haec
748 1092 883 1172 praebet
917 1092 992 1155 «Ad
1016 1096 1236 1158 emitritaeum.

60 1198 210 1261 Herbam
232 1200 467 1278 sempervivam
498 1207 531 1259 et
561 1199 763 1278 sisymbrium
788 1209 820 1262 et
846 1202 1055 1280 agrimoniam
1080 1209 1112 1262 et
1136 1201 1237 1263 coral-

60 1306 129 1368 lum
160 1311 343 1381 virginem
366 1305 458 1366 simul
488 1308 597 1367 tritum
629 1308 774 1368 admixto
808 1313 893 1369 eisin
917 1317 949 1368 et
974 1329 1091 1389 aquam
1116 1315 1235 1371 maia-

60 1420 138 1476 lem
162 1411 333 1473 caelestem
358 1413 464 1489 dabis,
492 1412 657 1474 miraberis
689 1413 841 1476 effectum
864 1414 1013 1477 bonurn.»
1063 1412 1236 1478 hemitrita-

60 1540 136 1582 eum
161 1521 390 1581 restituendum
415 1540 485 1581 esse
509 1529 656 1600 apparet,
703 1521 820 1600 Neque
854 1523 1049 1602 «virginem»
1082 1523 1153 1584 serri
1179 1542 1236 1602 po·

59 1636 134 1690 test.
181 1627 250 1689 Aut
279 1628 480 1689 scribendum
514 1636 563 1690 est
597 1631 799 1706 ‚‚virginis“
836 1631 854 1690 i.
887 1649 915 1693 e.
951 1630 1113 1708 corallum,
1148 1633 1236 1711 quod

58 1737 155 1816 virgo
180 1743 374 1814 portaverat,
399 1744 453 1796 aut
472 1739 669 1812 ‘,‚virgine“
695 1737 714 1804 i,
739 1755 766 1797 e.
790 1737 911 1816 virgine
935 1740 1052 1800 tritum.
1096 1737 1130 1798 In
1155 1737 1235 1814 cifin,

58 1844 117 1905 nisi
142 1861 194 1903 me
218 1840 301 1919 sallo,
325 1842 403 1904 latet
428 1845 599 1920 „cytino“
624 1843 689 1911 scii.
714 1841 799 1912 oleo,
847 1841 934 1924 Quid
965 1864 1042 1906 vero
1070 1845 1230 1906 «maiaiis»

56 1949 226 2032 significet,
250 1951 366 2013 nescio.
391 1950 445 2012 An
461 1950 665 2013 scribendum
681 1959 744 2012 est:
771 1949 1006 2030 «pluvialem»?
1031 1951 1115 2012 Turn
1144 1971 1235 2013 «cae-

56 2058 197 2121 lestem»
223 2077 496 2138 supervacaneum
520 2059 655 2126 videtur,

198 2507 339 2580 Partes
367 2507 606 2580 subditiciae
636 2509 720 2582 cod.
748 2502 792 2587 V.
824 2508 1094 2581 emendantur.

69 2756 74 2765 ·
170 2718 204 2789 C.
229 2724 286 2791 IV.
312 2737 341 2786 2.
366 2721 513 2802 legimus:
550 2721 610 2784 «ad
642 2741 737 2783 uvam
760 2731 793 2782 et
817 2720 924 2782 fauces
948 2721 999 2782 vel
1024 2740 1228 2784 soruveas.»

57 2831 246 2912 ,‚scruveas“
270 2836 302 2892 et
326 2831 357 2891 in
382 2831 453 2910 ipso
477 2830 687 2890 medicamine
712 2828 803 2890 nobis
835 2830 982 2890 occurrit.
1029 2826 1105 2890 Sine
1133 2828 1232 2889 dubio

56 2940 265 3005 scribendum
288 2947 356 3000 est:
385 2946 568 3000 «strumas»

169 3045 203 3110 C.
227 3050 266 3114 V.
292 3048 321 3114 8,
363 3046 583 3107 «medicamen
615 3045 656 3105 de
689 3043 826 3127 ipsunt,
851 3045 940 3123 quod
964 3044 1077 3105 dicitur
1101 3047 1232 3120 Septa-

57 3165 165 3235 tium‚
191 3157 349 3236 optimum
372 3153 467 3215 vaide
492 3161 525 3214 et
548 3153 590 3213 ad
614 3153 721 3213 omnia
744 3150 875 3212 vulnera
900 3160 932 3211 et
957 3152 1135 3224 cicatrices;
1159 3152 1233 3211 satis

58 3267 209 3330 dolorem
232 3264 419 3343 compescit.

168 3374 238 3448 IX,
263 3369 437 3432 Conficitur
461 3377 570 3430 autem
593 3369 653 3429 sic:

167 3479 288 3542 herbae
311 3476 564 3558 symphoniacae
588 3496 683 3537 sucus
699 3475 779 3536 libra
805 3476 922 3553 ·s.cera
939 3474 1018 3534 libra
1029 3477 1067 3554 ·l.‚
1092 3474 1231 3553 axungia

58 3590 192 3673 porcina
214 3588 294 3650 libra
317 3607 388 3663 una,
412 3582 606 3665 colophonia
631 3581 823 3663 (eoliofonia)
848 3581 927 3643 libra
951 3602 1021 3657 una,
1046 3579 1108 3642 olei
1133 3599 1229 3642 com-

58 3703 184 3761 munis
218 3695 298 3759 libra
330 3686 421 3768 una;'
444 3692 524 3754 haec
560 3689 643 3771 (hec)
676 3692 782 3752 omnia
815 3710 917 3770 pones
944 3709 1040 3769 super
1072 3687 1178 3749 focum
1202 3690 1231 3748 in

59 3804 202 3868 caccabo
234 3822 330 3864 aereo
365 3810 398 3863 et
429 3799 551 3862 tamdiu
581 3798 669 3860 lento
693 3799 766 3878 igne
791 3816 919 3876 coques
944 3796 1097 3875 quamdiu
1120 3814 1231 3855 sucum

59 3911 362 3994 perconsumpserit,
397 3908 441 3969 Et
465 3909 569 3988 agitur
584 3907 717 3967 adsidue
740 3905 925 3983 (adsiduae),
949 3911 1064 3984 postea
1087 3904 1231 3982 depones

59 4022 103 4083 de
126 4019 209 4096 foc0,
233 4027 267 4080 ut
291 4016 461 4098 infrigidet.
508 4013 616 4077 Uteris
644 4014 873 4074 medicamen.»

166 4132 301 4193 Adnot.
346 4124 420 4185 Hoc
453 4123 651 4184 medicamen
684 4119 891 4181 vehementer
925 4140 944 4180 a
977 4119 1099 4178 ratione
1135 4114 1231 4177 libelli

60 4236 200 4299 auctoris
224 4232 377 4297 abhorret
401 4231 608 4308 eiusdemque
632 4229 794 4308 scriptoris
818 4247 885 4288 esse
910 4228 1043 4301 videtur,
1071 4226 1158 4286 cuius
1182 4230 1230 4283 est

1107 4313 1122 4364 ἵ
