2978 4740
718 234 777 311 30

153 494 280 536 ¹summa
303 471 460 535 veneficia
474 472 500 555 ⁹)
525 472 866 534 demonstrationem.»
906 470 975 534 Pro
1003 473 1262 534 «inventiones»
1279 474 1315 533 sei

153 582 296 643 bendum
331 581 588 642 «inventionem»
622 598 683 660 pro
716 578 930 641 «rutundam»
968 579 1093 642 scribo
1132 580 1314 646 «rotundam

154 688 240 751 Num
271 686 432 769 Apuleius
457 686 590 749 Plinium
623 694 753 748 secutus
784 690 854 748 est?
900 683 968 748 Cur
1001 686 1066 748 illa
1102 688 1216 750 verba
1245 707 1316 768 «qm

153 798 262 857 vocari
287 816 305 857 a
330 795 496 876 disputat
522 794 631 874 moly»
658 815 721 855 non
744 794 889 874 scripsit?
924 790 993 855 Cur
1011 795 1140 858 omisit
1167 798 1317 858 «nasdm

154 938 195 950 -
223 900 437 965 llomericain
476 901 592 965 Nonne
616 902 660 964 ita
684 920 734 963 res
750 900 893 982 liquebit,
915 901 941 961 si
953 921 1147 982 ponemus,
1172 904 1228 966 illa
1243 921 1317 984 «qm

154 1014 282 1073 vocari»
317 1008 461 1073 aPlinio
494 1010 564 1092 ipso
596 1011 720 1086 addita,
751 1008 832 1070 haec
865 1007 972 1069 «nasci
998 1046 1045 1057 —
1071 1009 1276 1074 Homerica»
1297 1028 1319 1069 n

153 1117 218 1179 alio
242 1116 330 1181 lonte
354 1116 397 1179 ab
422 1115 476 1179 illo
500 1115 614 1179 hausta
638 1121 728 1179 esse?
774 1116 927 1196 Reliqua,
957 1135 1050 1195 quae
1089 1126 1131 1180 et
1156 1118 1319 1200 Apuleios

153 1222 256 1287 Plinio
278 1225 462 1287 communia
484 1232 565 1301 sunt,
589 1225 618 1286 in
644 1223 741 1299 sonte,
765 1243 808 1285 ex
831 1242 897 1304 quo
921 1231 1064 1303 uterque
1091 1224 1221 1303 hausit,
1241 1226 1319 1306 scripu

155 1344 257 1397 erant,
304 1332 451 1409 Partem,
486 1352 570 1413 quae
603 1352 677 1393 cum
701 1329 917 1411 Theophrasti
950 1329 1064 1392 verbis
1103 1336 1276 1410 convenit,
1299 1352 1319 1392 er

156 1438 286 1502 Graeco
309 1438 399 1501 sonte
422 1449 585 1522 sumptam
610 1459 679 1502 esse
703 1446 849 1520 apparet.
885 1437 1002 1518 Neque
1027 1459 1119 1502 vero
1139 1444 1319 1506 necessarium

156 1556 223 1625 est,
255 1566 298 1609 cx
321 1545 554 1630 'l'heophrasto
583 1546 635 1610 illa
659 1548 832 1627 desumpta
855 1564 935 1608 esse.
980 1544 1072 1608 Nam
1100 1548 1319 1632 Theophrasti!

155 1656 224 1736 ipsc
247 1653 324 1717 dicit
350 1643 459 1735 ciprani
487 1636 613 1713 ddum
637 1662 698 1716 etc.

370 1776 472 1861 Apul,
1029 1776 1118 1844 Plin.

223 1886 329 1956 LVll,
340 1884 634 1968 llerbaSplenion,
648 1939 655 1956 ,
667 1937 688 1956 ,.
869 1901 887 1946 2
893 1898 920 1963 5.
934 1897 988 1962 45.
1001 1889 1104 1950 loeis
1118 1898 1319 1969 asperis...¹

156 2012 200 2055 ex
217 1991 346 2056 Ciliciae
370 2002 404 2057 et
420 1992 556 2056 Pisidiae
577 1995 692 2056 monti·
802 1994 1007 2072 maximeque
1052 2012 1104 2055 ex
1149 1995 1319 2061 Ciliciae&

156 2098 218 2162 bus
240 2098 381 2163 laudant.
424 2100 576 2163 Nascitur
600 2106 692 2164 loeis
801 2100 936 2162 Pisidiae
960 2099 1134 2166 montibus
1160 2106 1297 2170 laudant

157 2213 309 2284 aquosis
331 2216 369 2271 et
391 2213 557 2272 umectis

264 2349 300 2415 Si
324 2350 484 2434 Apuleius
508 2351 642 2415 Plinium
665 2361 795 2415 secutus
819 2359 883 2428 est,
908 2350 1061 2431 equidem
1086 2374 1163 2418 non
1188 2359 1319 2439 intellego

158 2458 327 2540 quomodo
343 2458 463 2523 lactum
479 2462 528 2538 sit,
551 2462 632 2523 utin
649 2459 732 2537 loen,
757 2480 822 2541 quo
841 2458 942 2521 herba
957 2459 1114 2540 nascitur,
1134 2465 1319 2530 describenti

157 2574 224 2628 tam
248 2563 459 2630 vehementer
482 2568 564 2631 inter
586 2588 621 2631 se
645 2568 820 2631 differrent.

225 2710 346 2780 LXIV.
364 2715 518 2775 Iuventa
534 2718 692 2790 paeonia
740 2715 743 2873 p
868 2723 919 2789 25.
936 2727 988 2790 29.
1005 2715 1319 2784 vetustissimam

159 2834 294 2881 nomen
305 2823 444 2882 autoris
455 2824 597 2884 retinet.
612 2820 692 2882 Nas-
741 2876 743 2887 ,
800 2828 912 2883 ventu
930 2823 1093 2882 Paeonia
1113 2834 1177 2888 est
1194 2845 1319 2892 nomeu

159 2925 240 2987 citur
253 2923 370 2989 Cretae
386 2935 420 2989 et
435 2924 562 2990 Siciliae
578 2929 692 2990 monti·
741 2902 743 2919 Ι
801 2946 874 3005 que
893 2931 1055 2990 auctoris
1072 2938 1236 3016 retinet,
1262 2955 1319 3018 qua

159 3029 236 3110 bus,
273 3052 372 3113 quam
406 3032 569 3096 Homerus
603 3054 694 3097 sacer
802 3036 932 3116 quidam
949 3035 1170 3114 pentorobon
1188 3044 1319 3128 appella

160 3146 254 3201 autor
280 3139 312 3201 in
344 3138 431 3203 libris
462 3142 525 3203 suis
555 3143 692 3205 inseruit.
803 3151 864 3216 etc,

161 3244 253 3308 Haec
290 3247 320 3308 in
356 3250 526 3311 exstremis
561 3247 694 3312 baculas

162 3350 260 3416 habet
284 3356 447 3418 acinorum
472 3355 545 3419 mali
570 3359 694 3438 granati

162 3463 398 3542 magnitudine,
423 3483 506 3544 quae
530 3472 627 3526 noctu
650 3465 695 3527 sic

162 3567 285 3648 lucent,
334 3578 500 3651 tamquam
557 3571 695 3650 lucerna,

163 3677 252 3755 quod
287 3685 335 3739 est
370 3697 504 3758 granum
535 3679 624 3740 cocci
656 3680 694 3741 si-

164 3781 245 3846 mile.
284 3783 456 3848 Plurimum
480 3786 695 3868 apastoribus

164 3891 330 3960 iuvenitur.

272 4088 298 4156 ²¹²)
312 4066 427 4146 Confer.
449 4087 556 4160 „ibrum
569 4089 711 4162 Sehepssz
729 4085 769 4145 bie
784 4086 902 4157 &prode
918 4084 1115 4156 articularet
1142 4089 1174 4150 in
1190 4101 1319 4172 „sufflfffir

165 4177 257 4249 aratu
278 4181 363 4236 18861'
383 4198 451 4252 pag.
469 4179 520 4234 311
540 4183 592 4238 ubi
611 4181 849 4238 commemoratur
869 4177 1041 4250 „beneficia“
1071 4191 1139 4233 eum
1172 4192 1319 4266 „venefica

166 4275 370 4327 commutatum
389 4289 460 4329 ense.
