2978 4740
335 503 499 588 Apuleius.
950 507 1195 571 Dioscorides

731 562 733 601 Ι

791 629 910 690 πᾶσαν
947 620 1073 690 ἴσασίν
1118 625 1231 692 ἐστιν
1268 614 1337 691 cilo

731 800 733 809 ,
790 730 930 822 γημε’νη.

258 863 440 945 Utrumque
476 873 640 926 auctorem
676 866 757 926 inter
789 886 823 926 se
857 867 1040 927 consentire
1073 878 1245 950 apparet
1289 867 1338 930 lan

151 973 373 1053 quaerendum
389 981 447 1048 est,
469 981 574 1033 utrum
590 970 747 1052 Apuleius
763 973 987 1034 Dioscoridem
1004 974 1228 1054 expilaverit
1245 995 1336 1037 necne.

151 1079 253 1161 Apud
276 1080 503 1142 Dioscoridem
527 1079 628 1140 verba
652 1081 850 1161 praescripta
873 1081 1017 1160 sequitur
1042 1079 1186 1144 herbae
1214 1085 1337 1163 descrip

152 1189 213 1263 tio,
237 1187 353 1248 deinde
378 1186 574 1264 remedium,
601 1188 691 1267 quod
715 1187 800 1248 idem
824 1189 853 1248 in
878 1187 997 1268 Apulei
1023 1208 1103 1270 cap.
1135 1190 1162 1276 Ι,
1190 1193 1245 1260 tit,
1274 1191 1336 1252 lle·

152 1295 273 1374 gimus:

197 1421 239 1481 ad
255 1419 367 1499 eapitis
385 1418 565 1482 fracturam.
585 1419 685 1481 herba

153 1529 316 1589 vettonica
350 1535 484 1588 contusa
522 1537 554 1589 et
589 1547 686 1607 super

154 1637 265 1715 capitis
299 1635 396 1696 ictum
432 1637 536 1716 posita
574 1634 685 1696 vulnus

154 1744 232 1803 mira
248 1740 410 1803 celeritate
431 1742 621 1822 glutinatum
637 1763 685 1803 sa·

154 1849 250 1924 nabit,
273 1868 317 1910 eo
341 1851 470 1929 quidem
499 1850 629 1926 efficaci,
660 1851 685 1909 si

154 1957 249 2017 tertio
285 1975 417 2036 quoque
449 1958 501 2019 die
532 1958 685 2019 resectam

156 2063 199 2123 'id
224 2072 271 2124 est
294 2064 514 2144 recentiorem,l
540 2065 685 2144 frequen-

154 2173 215 2231 tius
239 2172 422 2250 inposueris
453 2172 558 2233 donec
586 2181 685 2235 sanet.

155 2277 232 2338 Eius
263 2287 409 2358 potestas
440 2287 561 2340 tantam
589 2280 687 2340 fertur

155 2384 275 2446 habere
293 2388 452 2466 virtutem,
469 2396 503 2448 ut
519 2408 591 2448 ossa
607 2407 685 2467 quo-

156 2513 220 2572 que
252 2493 352 2555 fracta
375 2495 406 2554 vi
437 2515 494 2556 sua
527 2492 686 2561 extrahat.

856 1420 896 1481 D.
921 1420 938 1481 l.
963 1440 989 1481 c.
1039 1402 1059 1503 ἡ
1112 1413 1155 1482 δὲ
1206 1411 1334 1505 δύναμις

795 1515 903 1591 (alric
931 1518 1029 1583 ἐστιν
1059 1511 1176 1615 αῧτη.
1234 1527 1332 1612 leuto

795 1627 902 1690 θεῖσα
931 1618 997 1714 γὰρ
1026 1623 1151 1719 νεαρὰ
1191 1631 1254 1700 καὶ
1282 1634 1332 1699 ἐπε

794 1735 942 1798 τεθεῖσα
976 1732 1024 1806 εἰς
1061 1740 1332 1830 τεθραυσμεννν

795 1831 946 1930 κεφαλὴν
979 1833 1075 1907 κατὰ
1107 1851 1180 1937 τῆς
1212 1849 1329 1938 πληγῑς,

796 1935 972 2011 ἀνώδυνον
1013 1953 1141 2034 ποιεῑ;
1194 1953 1256 2023 καὶ
1299 1946 1329 2018 ri

795 2045 987 2138 τραύματα
1033 2057 1149 2148 κολλᾷ
1198 2061 1259 2130 καὶ
1299 2053 1329 2126 ri

794 2157 1021 2245 τεθλασμένα
1046 2151 1147 2232 ὀστᾶ
1181 2163 1329 2258 ἐκβάλλει.

796 2262 853 2332 καὶ
882 2273 988 2333 τοῦτο
1016 2274 1122 2337 ποιεῖ
1153 2271 1245 2344 καθ’
1275 2268 1329 2343 ἑκά-

797 2395 881 2464 στην
910 2365 1181 2474 ἅλλασσομένη,
1210 2386 1273 2460 ἕως
1290 2388 1329 2450 θε-

797 2473 961 2572 prinnini.

157 2599 241 2678 (cod.
265 2600 328 2668 L..

263 2602 375 2771 Vehba
399 2711 485 2771 uncis
510 2708 629 2770 inclusa
652 2707 693 2769 ab
718 2707 951 2788 interpolatore
972 2707 1024 2768 vel
1040 2708 1085 2769 ab
1103 2711 1331 2797 interpolatore

157 2817 318 2897 adscripta
341 2836 413 2877 esse
437 2826 583 2897 apparet.

263 2941 370 3004 Etiam
404 2944 504 3022 magis
536 2962 608 3003 cum
639 2941 831 3002 Dioscoride
863 2942 1020 3002 consentit
1054 2941 1162 3009 lectio
1199 2952 1332 3014 editionis

157 3049 307 3130 vulgatae
335 3058 403 3111 «ter
426 3051 478 3111 die
503 3050 675 3110 refectam»
702 3069 762 3128 pro
789 3050 903 3109 «tertio
927 3067 1060 3127 quoque
1078 3050 1138 3113 die
1157 3057 1346 3121 refectam»,

158 3157 269 3218 Verba
292 3159 490 3220 Dioscoridis
512 3158 621 3238 spuria
648 3177 716 3218 esse
741 3166 840 3238 patet.
889 3157 1027 3217 Primum
1060 3159 1155 3223 enim
1181 3165 1331 3229 Dioscori-

157 3266 214 3326 des
249 3267 279 3326 in
314 3264 459 3345 partibus
499 3266 641 3345 genuinis
676 3284 793 3325 nomen
829 3263 949 3326 herbae
988 3243 1250 3363 «ο-ὗεττονεκή»
1286 3292 1330 3334 nor

160 3373 380 3472 «βεττονική»
407 3390 551 3470 praebet,
576 3388 787 3470 quamobrem
812 3390 907 3450 etiam
929 3391 959 3448 in
983 3388 1039 3455 IV.
1067 3405 1085 3448 2
1114 3379 1330 3475 Bosaramn'

157 3495 176 3596 ἢ
205 3498 385 3596 partorum,
410 3514 583 3576 delendum
613 3525 660 3577 est
689 3496 728 3597 «ἢ
758 3498 973 3597 florentinii.»

264 3642 390 3702 Deinde
415 3641 492 3720 quid
514 3640 573 3701 sibi
594 3640 678 3716 velit,
704 3660 868 3720 quaeram,
893 3639 993 3701 altera
1010 3638 1138 3705 herbae
1157 3646 1328 3731 descriptio.

159 3768 338 3829 quaecum
363 3750 576 3810 antecedente
600 3749 815 3828 descriptione
840 3746 926 3809 haud
950 3749 1135 3813 consentit?
1179 3754 1329 3838 Sprenge·

114 3899 117 3902 -
158 3856 216 3917 lius
239 3856 280 3917 ad
305 3856 419 3931 locum,
443 3857 485 3917 de
509 3876 575 3936 quo
599 3857 730 3935 agimus,
755 3854 835 3917 haec
865 3856 958 3917 dicit:
995 3853 1099 3917 «Cum
1126 3869 1162 3922 et
1191 3862 1280 3928 hanc
1298 3865 1328 3926 di·

158 3982 284 4024 versam
315 3963 458 4042 plantam
491 3946 719 4043 βρεττανεκῇν
749 3972 782 4024 et
809 3946 1012 4044 patronali
1040 3966 1212 4043 appellari
1243 3975 1328 4037 tradat

158 4071 373 4146 Dioscorides
397 4071 511 4131 mirum
536 4080 593 4146 est,
618 4080 738 4150 quanta
758 4072 831 4131 inde
855 4071 942 4150 apud
960 4070 1094 4131 Plinium
1121 4083 1157 4136 et
1185 4091 1328 4160 posteros,

158 4177 287 4238 nimiam
310 4178 367 4258 ipsi
391 4176 489 4239 fidem
513 4177 705 4248 tribuentes,
737 4186 808 4239 orta
838 4179 878 4238 sit
908 4177 1084 4244 confusio.»
1140 4182 1219 4250 Sed
1243 4203 1328 4268 neque

158 4284 274 4349 Plinius
297 4286 523 4348 Dioscoridem
555 4287 719 4366 excerpsit
750 4305 855 4366 neque
885 4285 1095 4347 Dioscorides
1120 4299 1288 4372 genuinus
1306 4293 1328 4357 il·
