2924 4732
658 183 868 306 ‚A

176 419 261 503 illud,
293 427 334 487 de
367 445 433 506 quo
466 425 529 486 iam
552 423 653 487 Leon.
684 422 876 505 Spengelius
907 424 1093 506 disputavit.
1141 421 1260 504 Sermo,
1284 429 1321 510 qui

177 531 227 595 hic
252 533 343 594 nobis
367 533 513 608 occurrit,
537 532 624 594 haud
647 534 733 594 idem
757 540 813 608 est,
848 553 914 613 quo
940 533 1038 594 utitor
1061 553 1157 595 verus
1181 545 1283 598 auctor
1299 538 1323 598 li·

176 639 266 702 belli:
293 642 369 720 ipsa,
393 641 513 702 tamdiu
539 639 760 721 -quamdiu,
784 660 1042 720 perconsumere,
1066 641 1257 722 infrigidare,
1277 645 1325 706 ole-

176 769 230 810 um
253 768 424 809 commune
447 747 534 809 nullo
558 747 632 810 loco
657 749 796 829 genuino
820 747 940 830 Apulei
964 748 1126 828 leguntur,

282 852 369 935 Quid
393 855 453 916 sibi
476 854 553 916 velit
583 875 731 917 numerus
763 857 823 931 IX,
856 857 910 936 qui
942 858 1104 919 antecedit
1131 857 1327 935 «conficitur»,

176 963 326 1041 equidem
350 982 415 1023 non
438 961 600 1043 intellego,
636 962 698 1025 Pro
726 967 979 1041 «septarium»,
1010 965 1100 1045 quod
1126 966 1236 1027 codex
1256 986 1328 1048 prae·

175 1069 239 1145 bet,
262 1069 398 1130 scribam
426 1074 684 1146 «seplasiumf‘

282 1177 363 1239 Puto
388 1174 451 1238 hoc
475 1185 573 1258 caput
597 1197 639 1238 ex
663 1177 771 1259 aliquo
795 1177 905 1240 libello
931 1197 1051 1255 eorum,
1084 1180 1127 1241 de
1152 1181 1266 1261 quibus
1285 1181 1330 1242 Pli-

176 1287 244 1346 nius
269 1301 319 1362 34,
350 1285 408 1345 108
434 1286 592 1364 queritur,
616 1287 788 1365 repetitum
812 1306 889 1348 esse.
938 1286 1024 1347 Dicit
1048 1288 1133 1348 enim
1158 1287 1178 1357 l.
1204 1308 1232 1356 c,
1268 1287 1332 1350 «At-

176 1411 239 1471 que
270 1391 352 1454 haec
384 1394 491 1453 omnia
524 1395 759 1475 medici-quod
792 1414 873 1473 pace
905 1413 1017 1455 eorum
1040 1395 1163 1456 dixisse
1188 1395 1281 1457 liceat
1303 1433 1333 1442 —

176 1500 332 1580 ignorant,
356 1520 430 1579 pars
454 1502 556 1562 maior
579 1510 672 1582 paret
698 1501 894 1576 nominibus,
927 1503 958 1562 in
988 1509 1114 1563 tantum
1139 1523 1158 1564 a
1183 1503 1335 1565 conficien-

177 1608 224 1669 dis
248 1607 511 1669 medicaminibus
534 1610 569 1670 iis
593 1609 724 1686 absunt,
758 1610 847 1690 quod
879 1629 949 1671 esse
981 1610 1149 1690 proprium
1173 1612 1336 1672 medicinae

177 1714 311 1778 solebat.
357 1735 455 1778 nunc
479 1722 650 1793 quotiens
682 1721 906 1780 inciderem
930 1722 1090 1795 libellos⁵
1125 1735 1337 1798 componere

177 1842 223 1885 ex
247 1829 305 1885 his
328 1831 499 1887 volentes
523 1831 647 1902 aliqua
671 1824 734 1886 hoc
751 1832 798 1887 est
818 1824 981 1904 impendio
1005 1825 1196 1888 miserorum
1213 1827 1338 1908 experiri

177 1933 422 2008 commentaria,
459 1936 615 1994 credunt
647 1937 834 2009 Seplasiae
868 1932 975 1992 omnia
1010 1931 1174 1994 fraudibus
1212 1952 1339 1995 corrum-

177 2040 295 2118 pentis
346 2037 473 2108 Confer,
499 2037 649 2101 adhunc
673 2038 780 2100 locum
806 2037 953 2101 «Urlichs
977 2038 1104 2108 Vindic,
1153 2039 1339 2122 Plin.11.p.

179 2145 252 2214 216,
299 2145 361 2207 Hic
388 2148 655 2208 «commentaria»
682 2146 769 2226 (que)
802 2148 1077 2228 transponendum
1101 2168 1172 2210 esse
1198 2157 1340 2212 autumat
1382 2152 1384 2173 '

176 2251 243 2315 Sed
267 2244 388 2315 rectam
412 2256 601 2316 sententiam
625 2253 760 2334 praebet
784 2255 901 2317 oratio:
929 2252 1011 2316 «hoc
1035 2263 1083 2316 est
1103 2256 1271 2338 impendio
1293 2257 1341 2318 mi·

176 2381 319 2423 serorum
344 2361 483 2442 experiri
507 2362 765 2424 commentaria.»

285 2467 321 2531 C.
351 2470 478 2538 XVIII.
511 2485 542 2544 4,
585 2468 660 2530 «Ad
691 2468 822 2530 vulnera
852 2470 985 2537 narium.
1032 2468 1134 2533 herba
1166 2473 1344 2554 cyclaminis

178 2578 270 2638 radix
292 2577 420 2653 siccata,
443 2585 535 2638 tunsa
558 2585 591 2638 et
614 2576 736 2638 cibrata
759 2596 832 2638 cum
857 2579 994 2654 „licio“
1026 2585 1087 2641 etc.
1124 2577 1233 2640 licium
1265 2582 1346 2662 inep-

177 2693 244 2746 tum
270 2704 348 2760 esse,
372 2704 467 2745 nemo
491 2704 554 2745 non
579 2683 743 2765 intellegit¹
783 2681 996 2746 Scribendum
1020 2703 1092 2746 esse
1115 2695 1199 2766 puto
1226 2686 1345 2768 «lycio»

178 2791 259 2854 cons.
292 2790 386 2869 Cels,
418 2793 526 2872 quiin
558 2791 625 2853 libr.
649 2793 720 2859 VII.
753 2811 824 2872 cap.
854 2807 901 2866 11,
925 2790 979 2854 ubi
1002 2793 1044 2854 de
1069 2781 1208 2864 οἴζαινα
1239 2797 1347 2876 agitur,

177 2901 269 2962 dicit:
307 2901 380 2962 «ubi
410 2920 508 2981 purus
532 2898 608 2978 (scil.
634 2898 723 2960 locus
746 2900 829 2960 naris
853 2901 952 2981 aegri)
977 2910 1034 2978 est,
1058 2900 1143 2981 lycio
1167 2903 1211 2964 ad
1236 2905 1347 2964 sanita·

177 3016 243 3068 tem
267 3008 538 3087 perducendum.»
1120 2993 1123 2998 ⁸

285 3113 321 3181 C,
345 3117 416 3182 LX,
443 3128 472 3182 2,
508 3112 583 3174 «Ad
615 3122 785 3194 quartanas
818 3114 950 3177 ieiunus
975 3121 1077 3193 potui
1101 3123 1225 3180 teris»
1278 3118 1349 3184 Sine

177 3223 276 3284 dubio
300 3221 501 3282 scribendum
526 3227 590 3281 est:
614 3220 730 3282 ieiuno
754 3222 845 3301 potui
869 3226 1006 3286 dabis.»

283 3329 415 3392 ibidem.
443 3327 589 3388 «Deinde
613 3327 643 3387 in
675 3348 759 3407 aqua
790 3326 894 3390 calida
922 3331 1063 3392 eiusdem
1087 3331 1230 3394 radicem
1254 3336 1350 3397 deco·

178 3458 249 3517 que,
281 3446 316 3497 ut
346 3436 452 3498 bibat:
486 3433 681 3497 miraberis.»
731 3433 818 3516 Quid
855 3447 964 3517 potest
995 3459 1065 3500 esse
1092 3441 1230 3520 ineptius
1254 3463 1351 3523 quam

178 3542 241 3606 hoc
277 3546 325 3604 «in
357 3564 441 3624 aqua
472 3541 618 3604 calidao?
664 3542 718 3603 An
751 3544 821 3623 quis
855 3546 1018 3626 decoquat
1049 3547 1080 3608 in
1109 3567 1193 3628 aqua
1218 3547 1352 3631 frigida?

177 3652 339 3732 Scriptum
363 3651 420 3712 suit
446 3653 495 3712 «in
520 3655 714 3713 caldaria».
763 3650 845 3713 Cum
877 3651 958 3714 haec
989 3673 1057 3715 vox
1080 3663 1234 3736 corrupta
1257 3659 1302 3719 sit
1325 3659 1352 3719 in

181 3759 333 3836 «calida»,
357 3759 510 3822 adiecisse
533 3759 660 3820 videtur
683 3757 797 3838 aliquis
821 3764 949 3841 „aqua“.

285 3865 322 3935 C,
345 3868 468 3935 XCIII.
494 3881 523 3945 3.
556 3864 774 3943 „Medicamen
799 3867 929 3929 conficis
952 3868 992 3931 de
1016 3869 1133 3949 nepita,
1168 3870 1195 3931 si
1219 3888 1352 3937 useum

178 3983 210 4035 et
233 3975 350 4035 siccum
374 3973 539 4054 pulverem
563 3973 719 4036 admisces
743 3975 835 4037 eius.“
879 3973 966 4056 Quid
988 3976 1028 4036 sit
1051 3981 1207 4055 ,‚uscum“,
1231 3983 1352 4046 nescio

179 4081 333 4143 Conicere
356 4081 451 4144 liceat
475 4083 706 4160 ‚,muscum.“
733 4082 756 4162 *l

284 4241 321 4309 (²⁸)
340 4260 366 4296 v.
381 4239 500 4297 christ:
520 4241 670 4309 „viseum,“
691 4241 721 4294 id
741 4242 817 4311 quod
836 4242 905 4295 mihi
924 4259 1037 4313 quoque
1059 4244 1150 4315 magis
1169 4244 1280 4316 placet.
