2978 4740
727 248 761 320 ll

637 347 848 366 --⁴-·—·----..-

266 479 439 543 Codicibus
463 481 629 562 descriptis
653 482 715 542 iam
739 483 780 544 ad
804 482 1004 563 propositum
1024 488 1222 543 revertamur
1238 490 1270 543 et
1286 482 1327 543 de
1399 461 1402 466 ⁵

156 590 285 669 pristina
309 587 446 650 herbarii
470 588 573 650 forma
595 590 801 670 disputemus,

264 695 402 758 Codices
425 696 463 763 L,
483 704 516 756 et
531 695 572 757 V.
599 705 633 758 et
649 694 684 758 C.
710 695 758 757 his
781 698 811 757 in
836 697 932 759 rebus
956 697 1037 756 inter
1059 716 1093 757 se
1110 695 1326 757 consentiunt:

268 804 294 883 1)
319 801 458 882 Singulis
490 802 646 883 capitibus
681 806 914 885 praescriptum
951 811 1000 865 est
1035 823 1152 864 nomen
1188 800 1326 882 plantae,

156 912 197 972 de
221 931 285 990 qua
308 911 423 990 agitur.

263 1021 293 1098 2)
318 1019 446 1080 Deinde
469 1025 645 1097 sequuntur
667 1017 839 1080 herbarum
866 1039 1059 1100 synonyma.

264 1127 294 1206 3)
319 1126 403 1187 Tum
439 1126 623 1206 saepissime
658 1128 787 1203 dicitur,
827 1147 892 1207 quo
929 1146 1080 1207 quaeque
1116 1124 1218 1188 herba
1253 1125 1327 1186 loco

156 1240 313 1301 nascatur,

260 1341 292 1419 4)
317 1337 425 1421 Saepe
448 1348 575 1420 tempus
601 1339 728 1420 legendi
753 1341 916 1410 additur..

264 1449 293 1528 5)
317 1447 482 1510 Remedia.

260 1553 317 1616 Ad
335 1571 352 1633 3
371 1564 440 1631 et4
465 1557 641 1618 notandum
666 1565 715 1617 est
738 1577 801 1617 non
825 1575 954 1637 semper
978 1555 1045 1616 illas
1069 1575 1120 1616 res
1141 1554 1215 1637 loco
1231 1556 1327 1616 tertio

154 1661 205 1723 vel
229 1671 345 1742 quarto
370 1671 656 1740 commemoratas,
691 1665 748 1725 sed
773 1664 931 1725 interdum
956 1664 1103 1726 remediis
1128 1661 1253 1725 adfixas
1276 1662 1327 1724 vel

156 1771 186 1830 in
211 1769 273 1831 fine
298 1772 411 1851 capitis
428 1772 570 1833 adiectas
594 1791 670 1835 esse.
694 1771 937 1852 Descriptiones
960 1769 1132 1833 herbarum
1155 1769 1327 1845 uberiores,

154 1897 237 1957 quae
269 1878 299 1938 in
333 1878 472 1939 editione
504 1877 636 1958 vulgata
667 1878 831 1959 leguntur,
863 1880 985 1941 desunt.
1032 1878 1195 1940 Interdum
1219 1885 1327 1938 autem

154 1983 276 2046 herbae
299 1985 440 2047 breviter
463 1985 696 2054 describuntur,
731 1985 890 2068 Imagines
913 1984 1084 2047 herbarum
1108 1985 1184 2046 solis
1207 1986 1237 2045 in
1254 1985 1327 2048 cod.

152 2093 189 2154 L.
214 2102 248 2154 et
272 2091 306 2154 C.
331 2093 546 2170 inveniuntur,
578 2092 640 2155 illic
672 2095 765 2156 variis
798 2093 976 2171 coloribuS,
1009 2092 1061 2154 hic
1092 2092 1203 2154 colore
1235 2091 1326 2154 lusco

153 2202 270 2281 pictae,
318 2198 490 2281 Quaeritur
513 2210 638 2278 autem,
672 2211 778 2264 utrum
802 2201 874 2264 illae
896 2210 1021 2283 partes,
1054 2220 1138 2281 quae
1162 2198 1327 2260 codicibus

153 2308 190 2383 L,
214 2307 255 2385 V,
281 2306 306 2370 C
331 2327 517 2370 communes
539 2317 627 2386 sunt,
652 2311 682 2371 in
706 2309 888 2390 archetypo
911 2310 1049 2390 scriptae
1074 2308 1189 2369 luerint
1212 2325 1324 2367 necne.

155 2414 228 2497 Qua
255 2418 286 2478 in
310 2436 344 2478 re
368 2417 537 2479 iudicanda
561 2438 625 2479 non
648 2416 887 2498 neglegendum
911 2425 976 2493 est,
1008 2417 1038 2477 in
1062 2416 1175 2477 codice
1198 2421 1327 2475 vetusto

153 2523 188 2584 M
212 2544 395 2605 synonyma
419 2545 483 2586 non
507 2526 646 2590 inveniri.
692 2525 805 2606 Atque
830 2534 863 2587 ut
888 2533 975 2587 recte
999 2526 1040 2587 de
1065 2521 1126 2584 hac
1151 2542 1184 2584 re
1208 2521 1326 2583 iudice-

154 2652 240 2708 mus,
273 2631 364 2692 simul
393 2633 596 2694 considerare
620 2633 793 2710 debemus,
825 2633 903 2712 quid
926 2640 1039 2693 auctor
1062 2629 1159 2702 libelli
1183 2628 1328 2704 voluerit,

154 2758 238 2818 quae
271 2741 311 2801 sit
344 2740 491 2801 codicum
524 2742 712 2818 auctoritas,
744 2741 858 2820 quibus
888 2760 932 2801 ex
955 2739 1095 2801 sontibus
1119 2758 1170 2799 res
1193 2735 1328 2799 haustae

135 2847 223 2909 sint.
271 2844 336 2908 Cur
367 2845 452 2908 hunc
476 2848 621 2908 ordinem
644 2848 817 2910 disserendi
841 2867 973 2926 sequar,
1007 2866 1049 2908 ex
1074 2851 1195 2909 futura
1219 2846 1327 2926 dispu-

153 2953 276 3015 tatione
300 2953 479 3035 apparebit.

260 3060 313 3123 Ac
344 3063 482 3142 primum
514 3062 645 3142 quidem
677 3063 897 3142 quaerendum
931 3069 996 3138 est,
1028 3081 1103 3122 num
1136 3062 1224 3140 apud
1249 3061 1327 3124 alios

152 3169 324 3249 scriptores
364 3171 511 3250 antiquos
550 3168 697 3231 herbaria
736 3177 1047 3244 commemorentur,
1088 3169 1172 3230 unde
1207 3168 1327 3250 aliquid

154 3278 302 3338 conicere
325 3277 428 3342 liceat.
471 3277 632 3358 Equidem
656 3277 729 3339 loco
753 3277 904 3353 Plinian0,
929 3277 1017 3338 cuius
1040 3278 1102 3337 iam
1125 3274 1206 3347 Dite
1229 3275 1325 3358 &1131

155 3382 291 3454 dotauit
323 3380 375 3453 ber
406 3381 552 3463 &rieden
583 3383 643 3454 unt
668 3382 785 3454 ltlurrr
817 3403 891 3464 pag.
922 3383 985 3444 228
1020 3385 1216 3445 mentionem
1240 3383 1323 3459 fecit,

152 3489 236 3552 hanc
275 3511 342 3553 rem
378 3490 522 3554 illustrari
557 3491 632 3553 mihi
669 3511 858 3573 persuasum
890 3500 947 3553 est.
994 3491 1148 3571 Legimus
1181 3492 1265 3552 enim
1296 3493 1327 3553 in

152 3598 241 3659 Plinii
272 3599 347 3668 Nat.
380 3599 470 3677 Hist,
496 3599 549 3667 lib,
582 3612 620 3678 25
655 3600 674 3680 S
699 3600 717 3660 8
742 3619 788 3680 sq.
813 3598 924 3690 hafc?
948 3599 1097 3660 «Praeter
1127 3597 1326 3662 hosGraeci

154 3714 303 3769 auctores
321 3709 517 3793 prodidere,
542 3728 624 3788 quos
648 3709 712 3769 suis
737 3706 813 3770 locis
837 3708 991 3784 diximus,
1023 3727 1066 3768 ex
1090 3704 1137 3768 his
1162 3705 1326 3776 Cratevas.

153 3815 338 3894 Dionysius,
361 3814 568 3877 Metrodorus
592 3817 714 3877 ratione
738 3815 944 3877 blandissima
966 3815 1025 3876 sed
1050 3835 1114 3894 qua
1130 3812 1206 3875 nihil
1222 3835 1326 3895 paene

153 3921 239 3983 aliud
279 3942 376 4001 quam
415 3922 583 3985 difficultas
621 3924 666 3984 rei
705 3921 916 4002 intellegatur.
972 3928 1126 3999 pinxere
1165 3940 1326 3998 namque

153 4033 292 4104 effigies
315 4034 517 4092 herbarum
541 4039 651 4107 atque
676 4037 726 4093 ita
749 4036 1001 4108 subscripsere
1022 4032 1190 4109 ellectum
1214 4049 1325 4091 verum

154 4146 187 4198 et
210 4138 335 4217 pictura
360 4136 457 4198 fallax
485 4146 533 4198 est
565 4137 742 4215 coloribus,
770 4146 836 4223 tam
869 4139 1043 4200 numerosis
1075 4139 1262 4218 praesertim
1295 4140 1326 4200 in

154 4242 404 4307 aemulationem
439 4252 589 4324 naturae,
623 4244 824 4326 multumque
849 4247 1026 4327 degenerat
1049 4244 1326 4307 transcribentium
