2978 4740
813 223 856 297 12

251 462 315 524 sors
339 461 436 529 varia.
480 467 649 540 praeterea
673 478 787 540 parum
811 467 860 520 est
883 457 1021 539 singulas
1046 477 1154 518 earum
1180 464 1309 517 aetates
1336 459 1444 538 pingi,

250 589 324 630 curn
358 569 596 650 quadripertitis
628 566 835 628 varietatibus
866 568 938 627 anni
973 565 1087 627 faciem
1120 572 1253 625 mutent.
1308 568 1444 639 Quare

251 683 363 739 ceteri
394 693 565 738 sermone
597 693 659 738 eas
682 678 886 753 tradidere,
918 679 1032 750 aliqui
1057 691 1103 734 ne
1128 676 1245 747 effigie
1272 679 1443 748 quidem

252 788 413 846 indicata
425 792 461 845 et
473 786 582 845 nudis
595 787 816 859 plerumque
830 786 1043 843 nominibus
1056 784 1229 855 defuncti,
1244 786 1441 865 quoniam

248 896 337 953 satis
360 895 547 953 vilebatur
570 895 770 966 potestates
794 894 946 965 vimque
971 891 1226 949 demonstrare
1244 904 1442 961 quaerere

245 1002 489 1063 volentibus»
526 996 578 1058 De
600 1001 720 1058 tribus
736 996 832 1075 igitur
848 994 1019 1075 generibus
1035 993 1176 1073 loquitur
1192 989 1441 1072 herbariorum,

246 1103 361 1185 quibus
396 1104 538 1165 remedia
573 1102 791 1171 tradebantur,
850 1106 1016 1163 Primum
1052 1119 1167 1176 genus
1199 1098 1328 1179 effigies
1366 1101 1441 1165 her-

245 1210 358 1272 barum
383 1212 485 1291 pictas
509 1210 645 1291 praebet
668 1210 853 1289 subscriptis
871 1209 1027 1285 remediis
1051 1215 1085 1269 ut
1103 1228 1166 1268 non
1183 1227 1343 1270 sermone
1363 1209 1439 1272 her·

245 1319 360 1380 barum
384 1317 506 1380 formae
531 1325 782 1398 exponerentur,
828 1315 863 1377 In
887 1321 1050 1379 secundo
1075 1333 1208 1391 genere
1233 1315 1440 1396 imaginibus

245 1446 309 1487 non
341 1426 434 1505 pictis
464 1424 569 1487 verbis
603 1422 724 1486 herbae
758 1423 1024 1486 describebantur
1049 1423 1197 1484 remediis
1221 1422 1438 1506 subscriptis,

246 1538 410 1595 Tertium
442 1533 581 1612 denique
612 1551 727 1608 genus
755 1551 861 1612 neque
885 1531 1003 1611 figuras
1026 1531 1127 1610 pictas
1151 1549 1257 1609 neque
1285 1532 1437 1614 descrip-

247 1639 351 1701 tiones
383 1641 441 1702 sed
472 1641 601 1702 nomina
627 1639 697 1701 sola
720 1638 864 1701 habebat
887 1639 1035 1700 remediis
1059 1637 1257 1717 subscriptis,
1308 1639 1437 1702 Utrum

247 1747 277 1807 in
310 1745 374 1808 hoc
408 1766 527 1827 genere
557 1745 679 1808 herbae
710 1766 775 1807 uno
798 1747 926 1807 nomine
950 1746 1069 1806 usitato
1094 1765 1133 1805 an
1158 1744 1303 1825 pluribus
1333 1767 1436 1827 syno-

247 1855 351 1933 nymis
384 1855 541 1916 indicatae
575 1853 704 1931 fuerint,
737 1855 791 1916 vix
815 1855 952 1916 discerni
976 1862 1093 1934 potest.
1141 1852 1327 1915 Verisimile
1355 1876 1436 1918 sane

247 1970 311 2038 est,
347 1964 474 2024 nomine
507 1963 640 2044 proprio
671 1961 864 2043 significatas
895 1963 1005 2037 fuisse3
1041 1962 1084 2022 ob
1115 1981 1186 2022 earn
1217 1980 1302 2036 rcrn,
1341 1965 1436 2043 quod

247 2069 365 2130 Plinius
388 2071 494 2132 addit:
523 2071 694 2151 «quoniam
717 2071 793 2131 satis
816 2070 986 2132 videbatur
1010 2077 1189 2150 potestates
1213 2069 1350 2148 vimque
1377 2073 1435 2133 de·

247 2186 426 2240 monstrare
464 2198 621 2258 quaerere
646 2177 858 2245 volentibus»
907 2177 941 2241 Si
965 2179 1035 2258 quis
1060 2177 1166 2238 locum
1190 2176 1376 2239 Plinianum
1403 2189 1436 2242 et

247 2283 429 2347 herbarium
445 2284 567 2364 Apulei
591 2286 841 2366 comparaverit,
865 2287 932 2347 sine
957 2285 1055 2347 dubio
1073 2283 1271 2347 existimabit
1289 2283 1435 2348 Plinium

246 2391 310 2453 tale
344 2393 409 2454 sere
442 2391 626 2454 herbarium
657 2394 688 2454 in
717 2394 822 2455 animo
847 2391 1012 2470 habuisse,
1044 2392 1139 2473 quale
1163 2391 1226 2453 hoc
1250 2399 1313 2462 est,
1363 2393 1435 2457 Sed

249 2501 430 2580 quaeritur,
464 2502 513 2561 cui
546 2500 671 2562 exiliis
696 2501 866 2581 generibus
888 2502 989 2563 tribus
1013 2499 1076 2562 hoc
1101 2500 1353 2562 adscribendum
1382 2505 1433 2565 sit.

247 2607 441 2669 Herbarium
466 2608 612 2669 editionis
633 2607 785 2689 vulgatae
809 2608 937 2671 alterius
956 2609 1081 2689 generis
1098 2628 1168 2669 esse
1184 2608 1313 2668 videtur
1329 2629 1435 2689 syno-

249 2715 355 2794 nymis
380 2715 507 2783 additis,
551 2714 711 2777 Herbario
736 2717 855 2777 codicis
878 2714 910 2777 V
934 2724 1192 2796 repraesentatur
1215 2715 1349 2776 tertium
1379 2739 1436 2799 ge·

248 2842 307 2882 nus
341 2823 530 2901 synonymis
562 2824 703 2887 adiectis
753 2821 879 2885 Codicis
914 2822 1115 2885 Monacensis
1143 2821 1303 2902 Apuleius
1342 2828 1436 2889 tertii

249 2930 374 3010 generis
407 2938 463 2993 est.
511 2929 670 2994 Herbaria
704 2932 854 2992 codicum
886 2932 914 2993 L
947 2940 980 2992 et
1015 2930 1040 2993 C
1071 2932 1164 3012 primi
1198 2931 1325 3010 generis
1358 2944 1436 2997 sunt

247 3037 415 3117 adscriptis
438 3039 634 3117 synonymis

353 3142 406 3206 Ac
428 3145 567 3225 primum
591 3164 676 3225 nego
700 3165 892 3226 synonyma,
920 3147 977 3207 etsi
1010 3147 1040 3207 in
1074 3147 1187 3208 codice
1210 3149 1435 3220 vetustissimo

167 3303 170 3310 .
248 3250 405 3332 leguntur,
429 3273 449 3314 a
472 3253 576 3333 primo
600 3252 697 3315 libelli
721 3262 854 3315 auctore
877 3255 997 3335 scripta
1021 3255 1127 3322 fuisse,
1166 3255 1316 3316 Vidimus
1343 3263 1435 3324 enirn

247 3379 343 3440 supra
373 3360 415 3421 ab
446 3360 501 3422 illo
526 3359 667 3423 libellum
690 3363 721 3423 in
754 3381 844 3423 usum
869 3382 1071 3424 communem
1097 3362 1238 3423 omniurn
1262 3371 1435 3446 composi·

249 3475 318 3528 turn
342 3486 422 3530 esse.
470 3466 558 3549 Quid
581 3477 689 3530 autem
714 3468 895 3531 hominibus
931 3468 1099 3531 herbariae
1124 3470 1264 3548 inperitis
1289 3476 1436 3549 prodest

249 3572 421 3637 herbarum
445 3578 574 3638 nomina
590 3576 831 3658 Aegyptiorum
855 3577 907 3638 vel
926 3578 1092 3639 Dacorum
1114 3579 1215 3640 scire?
1250 3575 1286 3636 In
1312 3584 1434 3645 codice

248 3690 375 3744 vetusto
399 3683 435 3745 M
457 3704 640 3765 synonyma
663 3687 788 3756 desunt,
827 3686 863 3747 In
889 3707 929 3749 eo
953 3687 1038 3748 enim
1061 3687 1147 3747 initia
1172 3683 1285 3746 harum
1309 3686 1433 3754 herba·

250 3809 319 3852 rum
342 3792 459 3853 tradita
481 3801 569 3855 sunt:
603 3793 647 3855 111
677 3793 790 3875 Incipit
819 3794 1081 3876 quinquefolium,
1129 3793 1185 3856 Ad
1209 3795 1286 3855 vitia
1311 3801 1432 3861 articu-

249 3895 353 3959 lorum
376 3907 436 3962 etc.

355 4010 478 4076 LXVI.
515 4008 644 4070 Nomen
667 4007 788 4072 herbae
811 4010 977 4092 bryoniae.
1013 4010 1068 4073 Ad
1093 4011 1246 4091 splenem.
1281 4013 1433 4085 LXXV,

248 4114 361 4195 Incipit
385 4135 503 4177 nomen
527 4113 648 4179 herbae
672 4118 859 4186 senecionis.
896 4117 952 4180 Ad
977 4118 1089 4181 vulnus
1106 4128 1166 4180 etc.
1202 4117 1294 4178 Haec
1319 4126 1432 4203 capita

252 4220 401 4303 leguntur
424 4223 521 4283 etiam
545 4224 575 4283 in
600 4225 713 4286 codice
736 4224 774 4288 L.
799 4224 853 4286 ubi
872 4224 971 4287 multa
992 4245 1175 4305 synonyma
1192 4225 1319 4287 adiecta
1345 4240 1431 4294 sunt.
