2978 4740
794 223 837 295 14

717 331 930 341 ———----

235 458 329 533 XIX,
353 458 420 533 LL,
445 456 475 517 in
500 457 647 518 remediis
672 455 733 518 alia
756 458 885 519 nomina
917 465 1111 538 usurpantur
1143 466 1241 539 atque
1270 459 1303 520 in
1331 461 1432 523 initiis

236 565 388 644 capitum,
423 562 575 643 Meyerus
601 562 637 632 C.
663 585 690 632 c.
717 566 762 633 II.
790 580 848 642 321
879 566 970 627 dicit:
997 563 1120 648 ,8ebess
1144 564 1274 649 llublltl
1300 566 1343 649 ill
1371 567 1429 638 mli

236 668 304 735 tent
341 668 558 752 geminatam
594 668 716 738 namen
752 671 832 743 einer
867 671 996 757 Atinae
1033 671 1293 757 iiberlrtrteben.“
1359 674 1429 739 Sed

236 785 400 840 auctorem
425 776 487 839 alia
510 780 639 840 nomina
662 781 911 860 praescripsisse,
945 780 1006 842 alia
1029 782 1059 841 in
1085 782 1231 842 remediis
1258 782 1345 862 ipsis
1374 786 1429 847 ad·

235 882 382 961 hibuisse,
420 886 570 965 equidem
606 885 775 947 verisimile
800 907 869 949 esse
905 907 999 968 nego.
1047 888 1160 968 ltaque
1191 887 1335 951 dubium
1363 912 1429 953 non

107 1016 116 1029 =
235 1000 299 1069 est,
330 993 405 1072 quin
437 1000 469 1054 et
502 991 554 1053 illa
586 994 719 1054 nomina
750 995 947 1074 praescripta
979 994 1020 1056 ab
1045 995 1279 1076 interpolatore
1306 999 1429 1060 addita

234 1099 295 1160 sint
319 1107 351 1160 et
374 1119 566 1179 synonyma.
591 1099 659 1162 lam
682 1102 854 1181 quaeritur,
884 1121 948 1181 quo
974 1121 1016 1162 ex
1040 1102 1128 1164 sonte
1152 1101 1203 1163 illa
1227 1123 1428 1186 synonyma

235 1204 348 1268 hausta
385 1207 455 1268 sint.
501 1206 750 1270 Ackermannus
791 1209 922 1288 quidem
962 1210 1100 1288 primum
1139 1230 1182 1272 ex
1217 1210 1426 1277 Dioscoride

234 1321 363 1395 sumpta
385 1333 455 1376 esse
480 1317 610 1393 censuit,
636 1317 753 1378 deinde
772 1317 930 1377 sententia
953 1323 1076 1378 mutata
1092 1318 1294 1381 Dioscoridis
1320 1315 1426 1401 syno-

237 1442 334 1502 nyma
358 1442 401 1483 ex
425 1420 545 1503 Apulei
581 1421 730 1485 herbario
764 1425 901 1504 repetita
933 1443 1002 1485 esse
1035 1425 1125 1492 dixit.
1173 1421 1239 1486 Sed
1276 1434 1426 1512 utraque

235 1531 393 1592 sententia
417 1529 508 1591 sacile
533 1530 634 1593 reselli
658 1539 777 1612 potest.
821 1531 978 1594 Videmus
1002 1533 1086 1593 enim
1110 1553 1305 1612 synonyma,
1335 1557 1425 1618 quae

236 1638 266 1698 in
291 1638 396 1718 capite
421 1641 470 1706 IX
495 1639 640 1701 editionis
675 1639 827 1720 vulgatae
865 1647 897 1701 et
921 1641 1040 1702 codicis
1071 1641 1293 1721 Lleguntur,
1331 1647 1424 1726 apud

237 1744 462 1808 Dioscoridem
484 1745 603 1826 scripta
626 1767 691 1808 non
714 1766 794 1823 esse,
818 1748 903 1809 unde
927 1756 1064 1828 apparet
1086 1747 1153 1809 fieri
1178 1769 1241 1809 non
1258 1753 1423 1830 potuisse,

237 1860 272 1913 ut
296 1873 339 1914 ex
362 1851 426 1917 hoc
449 1854 744 1928 transcriberentur,
768 1856 825 1916 nisi
850 1855 932 1917 sorte
957 1856 1027 1936 quis
1050 1864 1143 1935 putat
1168 1854 1355 1936 Apuleium
1376 1881 1424 1924 <ex

236 1959 432 2024 Dioscoridis
456 1964 568 2025 codice
606 1961 762 2039 hausisse,
796 1963 851 2043 qui
880 1961 933 2024 illa
956 1982 1088 2043 quoque
1112 1964 1297 2042 synonyma
1324 1987 1422 2047 prae-

235 2066 359 2138 buerat,
406 2070 523 2152 Neque
563 2071 887 2151 praetermittendum
934 2078 1002 2147 est,
1051 2071 1238 2150 saepissime
1276 2070 1421 2138 alterum

235 2174 327 2256 plura
351 2179 479 2239 nomina
503 2179 628 2241 adferre
660 2198 758 2260 quam
795 2178 941 2248 alterum,
988 2161 1213 2241 Dioscoridem
1246 2199 1329 2243 vero
1356 2203 1421 2245 non

236 2304 280 2345 ex
302 2283 444 2365 Apuleio
480 2286 609 2347 nomina
646 2287 800 2366 repetisse
833 2307 897 2347 non
927 2287 1025 2348 modo
1050 2307 1093 2348 ex
1116 2295 1223 2348 aetate
1248 2288 1421 2371 utriusque

143 2398 146 2403 ’
235 2394 294 2455 sed
318 2394 414 2454 etiam
438 2413 481 2455 ex
505 2413 552 2455 eo·
568 2393 776 2479 intellegitur,
812 2395 901 2473 quod
928 2414 1112 2473 synonyma
1135 2392 1256 2474 Apulei
1281 2414 1329 2456 ex
1354 2417 1421 2459 ser-

236 2519 332 2562 mone
358 2499 484 2563 Graeco
508 2502 698 2582 transcripta
722 2521 791 2563 esse
818 2521 916 2581 supra
948 2501 1094 2562 diximus.
1141 2500 1254 2580 Itaque
1279 2503 1420 2566 dubium

236 2628 301 2669 non
325 2616 383 2694 est,
408 2609 483 2689 quin
508 2617 540 2671 et
564 2609 770 2671 Dioscorides
804 2616 901 2688 atque
934 2609 1017 2670 adeo
1050 2609 1117 2669 eius
1141 2608 1361 2688 interpolator
1385 2621 1420 2675 et

236 2715 447 2796 interpolator
469 2715 590 2797 Apulei
625 2716 762 2778 eandem
797 2717 899 2777 secuti
928 2716 990 2776 sint
1031 2717 1265 2788 auctoritatem,
1315 2717 1421 2799 Quod

236 2843 335 2904 saepe
359 2824 493 2887 multum
517 2825 598 2886 inter
619 2844 654 2887 se
677 2825 870 2905 discrepant,
894 2824 1041 2885 conicere
1065 2822 1140 2885 licet
1164 2824 1421 2903 interpolatores

236 2951 367 2994 munere
390 2953 449 2995 suo
473 2933 630 3013 non-pari
653 2932 816 3012 diligentia
839 2931 964 2993 functos
989 2952 1059 2994 esse
1083 2942 1138 2993 aut
1166 2931 1235 2993 fieri
1259 2935 1422 3012 potuisse,

236 3046 271 3101 ut
295 3039 365 3101 lons
388 3041 466 3121 ipse,
490 3060 587 3121 quem
610 3047 746 3120 uterque
769 3040 855 3116 adiit,
883 3039 1072 3119 corruptelis
1107 3048 1162 3101 aut
1185 3039 1423 3103 additamentis

237 3148 430 3228 depravatus
455 3154 546 3217 esset,
587 3146 655 3208 lam
678 3146 750 3209 Val.
774 3147 862 3208 Rose
886 3148 917 3208 in
943 3147 1054 3214 Herm.
1080 3156 1157 3209 tom.
1183 3147 1201 3207 8
1231 3147 1316 3226 1874
1340 3170 1423 3231 pag.

240 3255 279 3332 38
304 3255 401 3317 dixit:
439 3253 526 3339 uteie
551 3252 767 3340 alphabetildn
784 3251 1007 3340 nunninus
1032 3264 1102 3325 nnn
1127 3251 1425 3342 attaminatur

239 3359 294 3432 tel
319 3359 526 3432 tllntlnriless
550 3359 604 3445 lint
634 3366 695 3432 nni
726 3359 879 3439 berlelben
903 3359 973 3442 nudi
1003 3365 1070 3431 tem
1102 3360 1256 3448 apuleius
1282 3357 1425 3443 (rectius

238 3469 372 3531 dixisset
405 3468 471 3540 tem
494 3466 720 3552 ilnternnlntnr
745 3468 799 3539 bet
825 3467 995 3554 apuleius)
1022 3468 1187 3540 tienenten
1211 3467 1326 3540 tinello
1351 3470 1425 3557 ihre

238 3573 382 3648 helunnte
405 3575 482 3654 §lille
514 3578 566 3647 ter
590 3575 854 3661 {litimonium
880 3594 1015 3662 pinnen.
1066 3576 1294 3640 Gravissimum
1320 3601 1424 3664 argu-

240 3694 383 3747 mentum
400 3683 491 3746 huius
507 3686 560 3762 rei,
578 3705 662 3766 quae
685 3704 745 3766 per
767 3705 802 3746 se
826 3686 896 3766 ipsa
919 3683 1075 3746 levissima
1098 3705 1168 3746 esse
1199 3686 1336 3765 videtur,
1363 3695 1426 3755 ad·

239 3793 321 3854 serre
345 3812 483 3873 possum.
507 3793 592 3855 Nam
627 3801 660 3855 et
692 3794 780 3874 apud
803 3792 978 3874 Apuleium
1011 3802 1044 3854 et
1072 3793 1160 3874 apud
1189 3792 1426 3862 Dioscoridem

239 3898 411 3963 herbarum
433 3920 616 3981 synonyma
650 3902 835 3980 saepissime
859 3921 934 3963 casu
958 3901 1155 3962 nominativo
1180 3913 1425 3987 proponuntur,

240 4027 436 4089 quamquam
459 4009 671 4070 nominativus
695 4008 889 4070 subiectivus
913 4007 1017 4088 (saliis
1051 4001 1085 4065 οἱ
1113 3997 1175 4087 δέ)
1212 4015 1244 4068 et
1279 4010 1427 4078 verbum

242 4115 403 4195 (edicunti
433 4108 627 4198 iunicum»)
651 4116 821 4178 antecedit

351 4222 432 4288 Cum
466 4224 561 4307 igitur
593 4225 624 4287 in
658 4222 822 4288 codicibus
845 4225 1064 4288 vetustissimis
1087 4225 1321 4305 descriptiones
1348 4226 1427 4296 her-
