2924 4732
151 546 153 550 ³
272 473 374 555 Apul.
929 470 1007 540 Plin,

55 583 136 665 quid
160 584 190 643 in
214 603 351 663 corpore
379 590 591 664 suppuratum
699 582 752 645 vel
774 583 799 642 si
823 580 946 642 calcata
968 580 1030 640 sint
1053 597 1142 653 ossa;
1168 597 1233 639 ser·

54 690 110 752 vel
132 692 157 751 si
187 695 344 767 pedibus
377 689 500 752 calcata
531 693 591 751 sint
700 691 804 771 pentis
827 688 941 749 eadem
966 694 1078 748 contra
1110 704 1234 747 venena

55 818 148 873 ossa;
171 799 327 878 serpentis
344 799 460 859 eadem
481 806 592 859 contra
701 796 826 860 efficax.

54 924 216 966 venenum
241 903 358 966 efficax
381 912 438 973 est.
500 946 503 950 -

164 1082 226 1162 Sic,
251 1092 285 1146 ut
308 1085 377 1160 feci,
402 1091 434 1145 et
450 1083 540 1145 Plinii
562 1085 661 1146 verba
685 1092 717 1145 et
734 1081 855 1163 Apulei
871 1079 1127 1161 interpungenda
1151 1097 1231 1153 esse,

55 1214 121 1254 non
148 1213 241 1254 «ossa
264 1193 453 1272 serpentis»,
477 1192 681 1253 scribendum
705 1192 856 1271 equidem
880 1210 939 1269 pro
968 1195 1057 1249 certo
1084 1184 1232 1252 habeam.

57 1305 151 1362 Cum
174 1309 255 1362 ture
279 1299 395 1360 Plinius
419 1318 462 1360 ex
486 1299 573 1360 fonte
597 1320 656 1361 suo
681 1297 795 1374 hausit,
819 1296 986 1377 Apuleius,
1016 1296 1071 1374 qui
1095 1293 1233 1354 eundem

56 1407 179 1468 sontem
203 1407 289 1482 adiit,
313 1405 465 1486 neglexit,
489 1414 601 1467 contra
626 1407 833 1484 „pedibus“
859 1402 912 1466 ille
935 1401 1090 1484 neglexit,
1115 1399 1167 1461 hic
1191 1418 1234 1462 ex

57 1514 147 1575 sonte
170 1516 378 1595 transcripsit.

124 1695 249 1761 XLIX.
271 1692 394 1772 (Herba
410 1692 591 1775 Immolum)
640 1693 643 1797 l

58 1799 237 1862 Clarissima
260 1799 432 1862 herbarum
456 1809 504 1862 est
524 1800 592 1862 Ho-

56 1927 147 1970 mero
170 1916 325 1984 testante;
352 1917 383 1970 et
404 1915 590 1972 inventio-

56 2034 123 2078 nes
154 2021 232 2078 eius
255 2021 440 2078 Mercurio
465 2023 590 2094 adsig-

56 2132 121 2185 nat
145 2128 398 2200 contritaequa
421 2130 500 2187 eius
513 2129 591 2186 suoi

56 2235 238 2293 beneficio
255 2235 495 2293 demonstrat.
528 2231 591 2291 Ra-

56 2335 591 2419 dicemhabetrotundamnigram·

56 2463 121 2524 que
157 2445 187 2504 in
219 2445 436 2524 magnitudine
460 2465 590 2526 caepae.

768 1704 820 1769 25.
846 1689 898 1754 26.
924 1688 1104 1752 Clarissima
1119 1686 1233 1749 herba·

701 1819 770 1861 rum
794 1808 844 1860 est
860 1797 1005 1860 Homero
1021 1803 1103 1859 teste
1120 1812 1232 1872 quam

700 1913 828 1971 vocari
860 1926 881 1969 a
913 1911 970 1969 dis
1001 1912 1105 1982 putat
1132 1907 1233 1979 moly

700 2023 732 2076 et
756 2015 970 2076 inventionem
993 2013 1059 2073 eius
1074 2009 1233 2072 Mercurio

700 2122 848 2202 adsignat
890 2128 1066 2200 contraque
1110 2136 1234 2179 summa

700 2227 855 2290 veneficia
915 2229 1232 2292 demonstrationem.
1319 2305 1322 2312 Ι

701 2343 802 2399 nasci
815 2354 896 2398 eam
910 2340 1022 2398 hodie
1035 2341 1131 2396 circa
1145 2339 1234 2397 Phe-

700 2463 810 2507 neum
835 2452 871 2506 et
894 2449 931 2505 in
949 2447 1099 2520 Cyllene
1117 2424 1233 2505 Arca-

700 2557 783 2615 diae
821 2557 972 2614 tradunt
1009 2556 1132 2627 specie
1167 2555 1234 2612 illa

700 2664 915 2737 Homerica,
955 2659 1062 2720 radice
1097 2658 1235 2719 rotunda

700 2768 855 2846 nigraque
888 2766 1105 2845 magnitudine
1134 2785 1235 2844 cepae

701 2874 776 2935 solio
792 2872 909 2948 scillae,
919 2871 1017 2933 effodi
1031 2880 1138 2934 autem
1152 2870 1235 2933 diffi-

700 2981 811 3048 culter.

167 3174 259 3245 Cons,
286 3179 316 3238 in
341 3177 506 3259 Theophr.
532 3178 563 3247 h,
588 3180 632 3260 pl.
657 3183 717 3248 IX.
748 3191 794 3257 15,
820 3194 838 3258 7
863 3178 959 3241 haec:
993 3161 1036 3235 τὸ
1071 3165 1106 3234 δὲ
1139 3170 1235 3255 μῶλυ

1116 3264 1131 3290 (λ

60 3273 141 3367 περὶ
178 3274 312 3342 nenton
339 3273 397 3342 ναὶ
423 3277 460 3341 ἐν
487 3267 889 3368 τῇΙΩνλλήνῃαασὶὸ
914 3271 1082 3342 εἶναικαὶ
1113 3298 1236 3362 ομαιον

58 3371 85 3472 ᾦ
116 3372 311 3473 ὁὍμηρος
340 3381 464 3474 εἴρηκε,
492 3377 557 3474 τὴν
588 3381 655 3470 μὲν
684 3381 782 3475 ρι’ζαν
806 3381 882 3468 ἕχον
902 3376 1111 3474 στρογγύλην
1138 3405 1235 3472 προς-

58 3493 194 3582 εμτγερῆ
235 3483 386 3579 κραμύῳ,
428 3483 470 3556 τὸ
508 3487 544 3557 δὲ
578 3485 704 3578 φύλλον
734 3480 862 3578 ὅμοιον
903 3486 1039 3581 σκίλλῃ·
1079 3493 1235 3582 χρῆσθαι

57 3593 95 3664 δὲ
125 3591 220 3683 αὐτῷ
248 3589 332 3686 πρός
359 3620 400 3663 τε
427 3588 475 3663 τὰ
510 3588 775 3688 ἀλεξιφάρμακα
808 3596 865 3664 καὶ
894 3591 957 3671 τὰς
984 3592 1151 3683 μαγείας·
1194 3587 1235 3662 οὐ

56 3697 127 3796 μὴν
157 3694 318 3794 ὀρύττειν
344 3693 373 3789 γ’
405 3698 495 3770 εἶναι
521 3697 683 3791 χαλεπὸν,
727 3685 770 3779 ὧς
791 3694 943 3796 Ὅμηρίς
979 3727 1072 3795 φησι.
1122 3712 1234 3775 Verba

57 3820 180 3901 Apulei
204 3828 356 3900 corrupta
380 3839 447 3881 esse
472 3829 619 3900 apparet,
664 3818 845 3883 Similitudo
869 3821 1060 3897 litterarum,
1096 3840 1179 3900 quae
1204 3823 1233 3882 in

59 3928 174 3990 codice
191 3927 229 3990 L.
255 3927 411 4008 leguntur,
436 3935 468 3988 et
492 3927 665 3989 verborum
689 3927 778 3989 Plinii
801 3936 891 3989 tanta
914 3936 971 4004 est,
996 3936 1030 3989 ut
1046 3936 1102 3989 aut
1118 3927 1234 3988 Plinius

58 4043 114 4097 aut
130 4033 288 4116 Apuleius
312 4035 531 4096 emendandus
555 4037 603 4097 sit.
642 4033 722 4096 Cum
747 4043 855 4096 autem
878 4035 1038 4096 Homerus
1062 4055 1167 4115 neque
1191 4037 1233 4096 de

58 4163 138 4204 suco
163 4140 256 4202 huius
279 4142 418 4222 plantae,
443 4162 547 4223 neque
571 4144 612 4205 de
636 4144 773 4205 contrita
796 4142 907 4223 planta
930 4142 1088 4222 loquatur,
1111 4141 1232 4223 Apulei

59 4249 161 4318 verba
195 4250 240 4316 sic
277 4269 346 4315 csse
381 4251 534 4316 mutanda
569 4251 727 4330 existimo,
751 4259 786 4311 ut
820 4250 992 4315 scribatur:
1036 4259 1233 4333 «contraque
