2924 4732
355 486 455 569 Apul,

205 598 312 671 XLII.
354 611 379 657 1.
427 593 483 656 Ad
519 597 670 657 tertianas

138 705 205 764 sive
229 711 409 783 quartanas
448 702 581 764 herbam
605 709 670 764 lin·
720 696 722 802 ξ

139 829 247 885 guam
264 816 383 889 bovis
402 831 485 890 quae
502 819 566 871 tres
582 808 671 889 thyr-

139 938 191 978 sos
202 918 328 978 seminis
337 918 440 994 mittit,
454 919 521 978 eius
532 916 672 977 radicem

140 1033 243 1085 totam
267 1044 310 1085 ex
334 1045 419 1104 aqua
441 1026 590 1104 decoque
614 1044 673 1103 po-

140 1132 185 1191 tui
225 1132 318 1192 dato:
359 1132 524 1192 remediat.
580 1129 673 1211 Quae

141 1247 249 1298 autem
262 1246 417 1317 quattuor
425 1236 554 1317 thyrsos
566 1236 674 1314 habet,

142 1344 237 1405 saciet
261 1345 302 1405 ad
320 1352 508 1424 quartanas;
532 1344 623 1406 dabis
639 1355 673 1406 ut

1004 485 1084 547 Plin.

848 607 898 673 25.
925 595 977 662 81,
1001 595 1089 655 aiunt
1113 613 1199 673 quae
1226 597 1303 671 (scil.

781 705 1033 781 cynoglossos)
1079 710 1146 762 tres
1185 699 1305 780 thyrsos

781 812 885 871 mittat
901 811 968 871 eius
984 809 1127 870 radicem
1144 816 1258 889 potam
1272 827 1307 868 ex

781 939 865 998 aqua
896 918 937 978 ad
967 918 1119 978 tertianas
1151 915 1308 996 prodesse,

781 1045 864 1104 quae
889 1033 1041 1105 quattuor
1065 1024 1107 1084 ad
1132 1031 1308 1103 quartanas,

781 1130 839 1193 Est
870 1140 902 1193 et
936 1131 996 1192 alia
1023 1129 1132 1191 similis
1156 1131 1205 1206 ei,
1236 1149 1312 1209 quae

781 1243 851 1301 fert
882 1245 1011 1316 lappas
1035 1244 1212 1300 minutas.
1253 1239 1313 1298 eius

782 1347 875 1409 radix
898 1355 978 1427 pota
1001 1347 1084 1406 ranis
1109 1353 1142 1406 et
1161 1346 1314 1426 serpenti·

782 1454 842 1516 bus
865 1455 1060 1516 adversatur.

141 1471 247 1531 supra,
296 1450 372 1512 Alia
402 1453 478 1513 item
507 1451 607 1513 herba
634 1454 673 1513 si-

144 1558 224 1619 milis
249 1565 298 1618 est
322 1559 367 1634 ei,
396 1579 479 1638 quae
504 1564 591 1622 lolia
616 1567 673 1622 la-

143 1668 245 1741 pathi
271 1670 339 1727 lert
359 1671 519 1746 minuta;
544 1668 611 1728 eius
627 1688 675 1729 ra-

144 1773 201 1832 dix
224 1781 303 1852 pota
327 1775 408 1834 ranis
424 1783 457 1835 et
473 1773 675 1854 serpentibus

144 1881 339 1941 adversatur.
366 1885 534 1943 Nascitur
550 1898 676 1944 mense

144 1993 256 2050 dulio.

255 2129 344 2194 Cons.
371 2133 481 2194 Diosc.
506 2132 563 2200 lV,
594 2133 654 2194 126
678 2134 708 2193 in
731 2134 838 2213 spuria
869 2142 975 2212 parte:
1003 2114 1228 2205 «Et-ll'dytrat
1285 2119 1318 2189 δὲ

995 2219 1319 2237 —Q

147 2247 183 2312 ἐν
209 2237 354 2342 floolllp
381 2244 475 2338 μηνί.
537 2245 631 2314 Φασὶ
673 2244 708 2314 δὲ
749 2242 835 2338 πρὸς
876 2245 953 2339 ῥίγη
993 2250 1195 2316 λυσιτελεῖν
1236 2247 1319 2345 πρὸς

146 2342 466 2361 *—

145 2372 211 2462 μὲν
252 2378 426 2464 τριταῖον,
468 2378 532 2439 τοῦ
575 2370 711 2457 ἔχοντος
752 2365 969 2460 βουγλώσσου
1006 2366 1036 2458 γ’
1066 2367 1212 2450 καυλοῦς
1243 2365 1320 2468 ὅλην

147 2493 389 2591 ἀποτριτώσας
403 2493 580 2587 μετὰτῶν
595 2503 695 2590 ῥιζῶν
709 2496 765 2564 καὶ
785 2504 849 2564 τοῦ
868 2497 1068 2589 σπέρματος
1083 2492 1147 2591 τὴν
1155 2495 1320 2594 βοτάνην

146 2605 242 2673 didon
269 2610 375 2693 maia,
403 2612 467 2672 τοῦ
495 2604 530 2672 δὲ
560 2605 733 2691 τέσσαρας
762 2603 898 2689 ἔχοντος
925 2611 974 2692 τῷ
1001 2603 1282 2697 τεταρταίζοντι.

253 2739 289 2803 Si
313 2744 383 2821 quis
406 2741 512 2803 locum
525 2741 654 2822 'Apulei
680 2749 712 2802 et
735 2741 823 2802 Plinii
848 2739 970 2823 legerit,
1004 2742 1070 2822 sine
1094 2741 1194 2802 dubio
1219 2743 1319 2804 addu-

148 2854 245 2926 cetur,
270 2858 304 2911 ut
328 2850 439 2911 credat
462 2848 547 2911 hunc
570 2849 611 2911 ab
636 2849 690 2910 illo
714 2858 905 2930 excerptum
930 2868 1009 2910 esse.
1057 2847 1091 2909 Si
1116 2850 1186 2928 quis
1212 2858 1320 2911 autem

147 2958 261 3033 verba,
295 2978 378 3038 quae
403 2959 432 3018 in
456 2959 563 3037 spuria
586 2967 678 3037 parte
702 2958 898 3019 Dioscoridis
923 2957 1087 3037 leguntur,
1111 2957 1322 3035 perpenderit

149 3066 189 3127 ab
225 3065 286 3126 hac
322 3066 472 3144 opinione
510 3066 650 3130 recedet.
700 3064 854 3126 Videmus
889 3065 973 3125 enim
1010 3072 1042 3124 et
1075 3062 1255 3143 Apuleium
1290 3072 1322 3124 et

149 3173 414 3253 interpolatorem
431 3172 629 3234 Dioscoridis
649 3172 793 3248 insonte,
818 3192 861 3232 ex
878 3193 942 3251 quo
959 3170 1140 3245 hauserunt,
1165 3190 1212 3247 ea,
1238 3192 1322 3251 quae

148 3290 349 3361 proponunt,
381 3302 445 3342 non
478 3282 518 3341 de
543 3280 643 3342 herba
668 3287 887 3358 cynoglosso
911 3280 969 3339 sed
994 3280 1034 3339 de
1058 3284 1236 3353 buglosso
1262 3278 1322 3339 dici

149 3391 316 3456 invenisse,
363 3387 396 3448 ln
429 3388 482 3449 illo
515 3389 603 3450 sonte
626 3390 744 3469 scripta
768 3407 899 3468 quoque
925 3394 1014 3447 erant
1037 3386 1137 3447 verba
1164 3387 1324 3446 «nascitur

150 3516 259 3559 mense
280 3496 391 3577 Julio‚»
426 3516 509 3577 quae
543 3496 659 3557 Plinius
691 3517 755 3557 non
788 3494 894 3556 habet.
941 3493 994 3554 Ex
1026 3493 1089 3554 hoc
1122 3493 1218 3572 igitur
1249 3492 1323 3554 loco

151 3614 295 3686 apparet,
320 3615 352 3666 et
377 3605 509 3666 Plinium
534 3613 566 3665 et
590 3603 769 3684 Apuleium
793 3611 826 3664 et
842 3601 1106 3682 interpolatorem
1123 3601 1325 3662 Dioscoridis

150 3716 288 3777 eundem
311 3722 478 3775 auctorem
501 3721 629 3773 secutos
652 3732 731 3779 esse.

216 3825 355 3890 XLVII.
371 3836 400 3883 2.
418 3821 460 3882 ad
477 3821 588 3900 capitis
604 3820 682 3880 frac-
859 3829 910 3895 25.
956 3817 1025 3894 138,
1066 3816 1211 3896 superior
1251 3834 1326 3894 pars

149 3940 263 3997 turam,
275 3928 377 3990 herba
386 3927 530 4009 xiphion,
538 3928 684 4007 superior

151 4060 224 4119 pars
257 4040 322 4098 eius
350 4039 425 4098 trita
457 4039 541 4097 sicca
573 4037 683 4116 aequis

151 4146 348 4227 ponderibus
364 4147 466 4206 mixta
481 4146 555 4205 vino
572 4145 684 4224 capitis

152 4275 223 4315 ossa
257 4253 357 4314 fracta
389 4250 545 4328 extrahit,
578 4259 633 4313 aut
658 4251 684 4310 si

792 3927 858 3986 eius
892 3943 976 3986 cum
1000 3933 1081 3986 ture
1112 3925 1186 3984 trita
1217 3943 1326 4004 aequo

791 4034 935 4112 pondere
967 4032 1112 4093 admixto
1145 4032 1219 4090 vino
1252 4052 1328 4094 ossa

792 4141 892 4202 fracta
930 4141 1036 4221 capite
1083 4136 1223 4199 extrahit
1272 4149 1329 4201 aut

793 4248 948 4333 quidquid
965 4248 995 4307 in
1012 4266 1147 4328 corpore
1171 4257 1330 4328 supparat
